1714 2719
485 280 597 333 pisset
612 280 825 331 complures
843 279 1035 319 Persarum
1054 280 1202 318 nobiles
1219 305 1232 327 ,
1274 294 1389 333 atque
1405 285 1442 320 in
1460 277 1518 320 h'is
1547 298 1643 324 non-

484 333 614 372 nullos
631 337 727 385 regis
744 337 978 385 propinquos
995 359 1007 379 ,
1046 334 1112 371 hos
1129 334 1226 371 clam
1246 334 1368 372 Xerxi
1399 337 1538 373 remisit
1556 362 1569 383 ,
1596 340 1643 378 fi..

482 389 653 433 mulaus,
669 401 713 424 ex
733 387 897 424 vinculis
914 387 1078 438 publicis
1094 388 1259 439 effugisse
1277 412 1288 433 ‚
1305 389 1340 424 ὃ(
1356 403 1440 426 cum
1457 389 1515 426 his
1530 390 1644 429 Gon-

485 443 618 494 gylum
636 440 892 478 Eretriensem
911 465 922 484 3
961 443 1024 490 qui
1042 442 1172 477 literas
1192 445 1267 492 regi
1285 442 1454 479 redderet
1472 467 1484 488 ‚
1503 446 1540 479 in
1559 447 1644 494 qui-

486 496 554 533 bus
572 495 644 532 haec
661 492 771 530 fuisse
802 493 937 544 scripta
958 493 1202 543 Thucydides
1233 498 1421 532 memoriae
1445 496 1642 546 prodidit:

484 547 687 596 Pausanias
703 545 776 582 dux
791 553 928 594 Spartae
945 571 956 587 5
986 561 1071 593 quos
1086 550 1259 593 Byzantii
1273 557 1409 596 ceperat
1425 573 1438 594 ‚
1462 549 1646 597 postquam

477 604 686 652 propinquos
703 611 783 635 tuos
798 603 957 647 [egnavit
972 625 984 645 ,
1015 600 1084 636 tibi
1109 603 1245 635 muneri
1258 602 1351 647 mist't
1366 626 1378 647 ,
1397 602 1504 650 ftque
1532 612 1644 640 tecum

482 654 663 703 affinitate
676 654 839 700 conjungi
853 655 951 701 cupit
967 681 976 688 .
1007 667 1113 699 quare
1130 677 1142 699 ,
1160 654 1202 699 fi
1210 654 1278 689 tibi
1293 653 1435 690 videtur
1451 679 1464 701 ,
1479 655 1539 692 des
1553 659 1586 692 ei
1589 656 1646 703 fi-

483 708 570 744 liam
585 718 685 742 tuam
699 715 848 754 nuptum
863 731 872 740 .
903 704 1122 752 Idfifhceris
1140 730 1151 751 ‚
1168 707 1212 748 &
1226 712 1393 754 Spartam
1408 732 1421 754 ,
1436 710 1481 750 &¹
1494 720 1645 746 ceteram

482 762 658 798 Graeciam
664 758 730 807 fich
745 770 845 793 tuam
860 759 1063 807 potestatem
1071 759 1107 805 [ὲ
1121 758 1321 804 adiuvante
1334 760 1556 798 redab‘t'urum
1567 763 1645 810 pol-

483 813 609 850 licetur
627 840 635 848 .
668 817 806 848 Horum
822 814 932 859 igitur
947 811 1037 858 quid
1042 815 1117 860 geri
1132 810 1284 848 volueris
1300 837 1312 858 ,
1330 825 1462 850 certum
1476 815 1644 852 hominem

484 865 535 904 ad
547 879 623 902 eum
637 867 765 900 mittas
783 863 871 911 face
887 890 899 909 ,
927 878 1005 901 cum
1020 878 1087 912 quo
1101 865 1321 911 colloquatur
1338 894 1345 901 .
1377 867 1468 905 Rex
1485 880 1544 906 tot
1573 870 1644 907 ho-

484 924 633 959 minum
651 918 770 955 salute
788 930 865 955 tam
883 919 948 955 fibi
967 919 1256 956 necessariorum
1276 934 1505 971 magnopere
1532 923 1645 974 'gavi-

483 974 543 1012 sus
561 997 574 1018 ,
604 970 803 1010 confestim
821 986 904 1008 cum
922 972 1077 1022 epistola
1098 971 1331 1009 Artabazum
1349 975 1395 1010 ad
1414 974 1640 1013 Pausaniam
1685 952 1692 1067 ἒ

484 1030 610 1066 mittit
627 1053 636 1062 .
666 1025 711 1061 In
729 1038 798 1076 qua
818 1040 900 1061 eum
919 1026 1113 1062 collaudat
1131 1049 1143 1071 ‚
1176 1039 1220 1062 ac
1235 1030 1332 1075 petit
1349 1041 1394 1064 ne
1410 1031 1469 1064 cui
1485 1030 1537 1064 rei
1555 1042 1641 1078 par-
1686 1070 1688 1078 y

484 1092 546 1121 cat
561 1079 610 1118 ad
627 1093 667 1117 ea
686 1078 913 1127 perficienda
933 1093 1010 1129 quae
1041 1079 1247 1128 pollicetur
1263 1106 1271 1114 .
1302 1081 1339 1116 Si
1357 1079 1489 1117 fecerit
1507 1104 1520 1126 ,
1550 1082 1640 1118 nul·
1685 1091 1688 1110 ί

484 1136 561 1173 lius
578 1137 666 1170 reia
684 1129 720 1168 se
750 1130 935 1181 repulsam
966 1131 1132 1168 laturum
1151 1158 1158 1166 .
1190 1129 1317 1181 Hujus
1348 1131 1552 1170 Pausanias
1571 1149 1642 1172 vo·
1682 1123 1688 1186 l

485 1190 637 1226 luntate
655 1187 808 1235 cognita
837 1185 999 1221 alacrior
1014 1185 1062 1221 ad
1091 1198 1167 1221 rem
1185 1186 1386 1234 gerendam
1417 1185 1452 1222 fa
1461 1185 1539 1223 &us
1557 1210 1570 1232 ,
1599 1190 1640 1225 in
1682 1189 1685 1233 ξ

1679 1239 1684 1314 l

1679 1329 1683 1345 l

537 211 586 238 20
694 198 1065 238 CORNELII
1121 198 1434 240 NEPOTIS
1699 0 1714 275 l

483 1241 736 1292 suspicionem
769 1239 906 1275 cecidit
938 1237 1306 1275 Lacedaemoniorum
1327 1266 1334 1273 .
1364 1237 1408 1274 In
1434 1253 1508 1289 quo
1538 1238 1641 1278 faelo

483 1296 640 1333 domum
659 1303 856 1329 revocatus
874 1315 886 1336 ‚
903 1291 1097 1328 accusatus
1115 1293 1266 1341 capitis,
1283 1290 1496 1329 absolvitur
1513 1308 1520 1328 :
1537 1294 1641 1330 mul·
1680 1315 1684 1327 »

483 1360 589 1386 tatur
605 1359 732 1383 tamen
750 1347 908 1394 pecunia
927 1372 936 1380 .
968 1358 1080 1396 quam
1097 1344 1145 1381 ob
1161 1344 1322 1382 cauisam
1341 1345 1387 1382 ad
1415 1345 1566 1383 classem
1582 1361 1641 1385 re-
1678 1347 1683 1357 ’

483 1400 614 1439 missus
630 1414 704 1436 uon
729 1397 780 1435 est
797 1426 805 1434 .

538 1452 609 1489 ΙΙΙ.
642 1452 698 1489 At
717 1452 785 1489 ille
818 1449 899 1501 post
914 1465 989 1489 uon
1006 1451 1128 1488 multo
1146 1475 1158 1497 ,
1188 1450 1247 1488 sua
1272 1451 1404 1503 sponte
1431 1453 1477 1490 ad
1496 1456 1640 1492 exerci-
1674 1362 1684 1568 ἰ

487 1520 569 1547 tum
586 1507 697 1543 rediit
716 1529 728 1551 ,
757 1507 792 1542 ὃ(
811 1505 862 1541 ibi
879 1519 954 1542 non
985 1506 1124 1542 callida
1144 1529 1156 1551 ,
1186 1504 1244 1542 sed
1263 1507 1431 1543 dementi
1461 1510 1608 1545 ratione
1623 1531 1639 1553 ‚

486 1564 653 1611 cogitata
685 1557 866 1610 patefecit
885 1585 892 1593 .
924 1557 1015 1595 Non
1038 1561 1138 1595 euim
1169 1573 1292 1596 mores
1309 1563 1454 1610 patrios
1486 1559 1638 1607 solum,

485 1614 548 1652 sed
560 1617 676 1651 etiam
707 1612 851 1649 cultum
870 1611 1122 1662 vestitumque
1139 1616 1305 1650 mutavit
1319 1640 1328 1649 .
1360 1612 1563 1664 Apparatu
1580 1628 1639 1651 re-

484 1671 548 1720 gio
565 1666 763 1710 utebatur,
791 1665 890 1702 veste
907 1665 1061 1702 Medica
1083 1681 1088 1701 :
1121 1664 1306 1703 satellites
1323 1666 1434 1703 Medi
1453 1667 1488 1703 δί
1506 1665 1638 1718 AEgy-

482 1723 556 1773 ptii
574 1719 791 1770 sequebanti
807 1733 834 1754 r:
847 1719 1185 1768 epulabaturmore
1202 1716 1394 1756 Persarum
1411 1720 1638 1758 luxuriosius

484 1788 597 1826 quam
616 1775 679 1822 qui
696 1773 852 1808 aderaut
883 1775 1026 1821 perpeti
1053 1772 1199 1821 possent
1218 1788 1225 1809 :
1256 1774 1400 1810 aditum
1419 1773 1637 1824 petentibus

484 1827 737 1866 conveniendi
755 1840 828 1862 uon
847 1825 960 1861 dabat
978 1841 984 1862 :
1016 1825 1168 1875 superbe
1186 1825 1431 1876 respondebat
1449 1851 1462 1872 ‚
1491 1827 1528 1863 &
1554 1841 1639 1864 cru-

485 1882 624 1919 deliter
639 1879 850 1929 imperabat
869 1906 876 1912 .
909 1879 1081 1928 Spartam
1101 1881 1220 1916 redire
1237 1880 1410 1917 uolebat.
1427 1879 1604 1918 Golonas
1621 1904 1636 1928 ,
1666 1848 1672 1918 l

484 1937 551 1986 qui
568 1934 670 1970 locus
689 1935 727 1968 in
744 1946 832 1983 agro
852 1931 1001 1968 Troade
1017 1934 1067 1969 cs't
1085 1957 1096 1978 3
1127 1932 1162 1970 se
1178 1933 1391 1971 contulerat
1410 1949 1417 1970 :
1448 1934 1501 1971 ibi
1517 1934 1638 1971 confi-

483 1989 538 2026 lia
556 2001 639 2024 cum
668 1989 796 2035 patriae
814 2009 826 2030 ‚
857 1997 935 2022 tum
967 1985 1032 2022 fibi
1051 1988 1205 2024 inimica
1236 1987 1410 2037 capiebat
1426 2014 1434 2023 .
1464 1986 1507 2023 Id
1537 1987 1638 2038 post-

484 2055 596 2092 quam
615 2038 894 2076 Lacedaemonii
910 2037 1140 2076 resciverunt
1158 2064 1170 2086 ‚
1200 2040 1346 2091 legatos
1362 2041 1410 2078 ad
1434 2054 1518 2078 eum
1549 2053 1636 2078 cum

485 2094 628 2143 scytale.
646 2091 827 2132 miserunt
846 2107 853 2131 :
884 2095 923 2130 in
943 2106 1013 2144 qua
1030 2106 1134 2132 more
1151 2094 1308 2133 illorum
1325 2106 1404 2133 erat
1420 2093 1601 2145 scriptum
1619 2117 1636 2140 ⁵
1661 2080 1665 2152 l

1516 2147 1584 2184 nifi
1662 2158 1663 2168 ¹
