1714 2719
263 178 845 222 EPAMINONDAs.
906 178 1015 237 xv.
1113 183 1162 225 ες

51 263 134 304 vult
149 275 225 303 ητα
240 259 419 299 Thebanis
420 256 496 306 βω
513 257 627 295 utilia
644 283 657 303 ι,
679 258 928 308 gratisfhcere
938 260 1020 309 fiaem
1030 269 1186 310 paratus
1205 274 1218 297 .·

42 319 100 367 ,ὧι
114 307 233 354 antem
245 315 424 353 contraria
439 337 453 359 ,
479 324 548 348 non
574 310 675 348 habet
699 315 783 348 auri
811 323 921 359 atque
934 316 1072 361 argenti
1091 313 1190 362 fhti.c
1209 343 1217 351 .

54 384 201 419 namque
215 367 306 407 orbis
318 379 493 404 terrarum
506 366 667 402 divitias
681 369 833 415 accipere
846 365 924 402 nolo
936 376 1000 416 pro
1010 370 1143 416 patriae
1158 384 1218 405 ca-

56 429 169 462 ritate
186 453 195 461 .
225 429 278 460 Te
293 446 306 470 ‚
334 424 398 468 qui
410 434 462 455 me
485 422 701 468 incognitum
715 418 867 466 tentasti
881 443 894 464 ,
924 423 1051 466 tuique
1068 421 1220 467 fimilem

56 478 260 528 existimasti
276 499 290 521 ‚
317 488 385 511 non
397 476 504 510 miror
520 502 523 505 .
558 471 626 510 tibi
642 474 770 522 ignofio
786 501 794 509 .
815 472 881 522 fid
893 472 1044 521 egredere
1052 482 1190 524 propere
1206 499 1220 521 ‚

57 545 99 569 m·
124 531 215 570 din
241 539 438 577 corrumpas
466 551 479 573 ,
506 540 585 563 cum
612 539 665 562 me
693 540 760 562 non
784 529 943 576 potuer-ir
959 555 968 563 .
1010 530 1033 562 I
1066 538 1110 563 tu
1138 531 1221 565 Mi-

58 584 157 634 cytbe
186 609 199 630 ,
234 593 416 630 argentum
442 580 524 617 huic
553 578 654 617 redde
672 594 683 624 ς
713 591 780 616 aut
810 582 881 627 mst
889 578 930 617 id
954 579 1134 628 confkstim
1152 581 1223 630 fa-

56 641 108 676 eis
124 661 138 684 ‚
165 650 221 686 ego
234 649 270 673 te
298 636 440 672 tradam
454 635 679 682 magtstratui
695 661 703 670 .
735 632 854 672 Hunc
882 632 1106 672 Diomedon
1137 649 1224 674 cum

60 704 208 743 rogaret
225 715 238 736 ,
269 702 310 729 ut
328 702 412 727 tuto
428 691 533 727 exire
550 712 562 733 ‚
594 687 734 740 suaque
752 713 764 733 ‚
792 703 870 740 quae
887 687 1078 726 attulisset
1096 714 1109 736 ,
1129 690 1222 728 lice-

60 759 115 783 ret
137 745 267 783 efferre
286 761 293 782 :
324 742 426 791 Istud
441 767 454 788 ‚
485 745 612 794 inquit
630 766 643 786 ,
663 742 806 789 jbciam
823 757 840 786 ,·
867 755 974 790 neque
988 753 1055 778 tua
1070 744 1190 791 cauffh
1208 769 1223 790 ‚

50 797 115 848 fid
127 811 202 834 mea
221 812 233 833 :
261 811 304 835 ne
319 798 360 843 β
381 795 452 833 tibi
470 796 523 841 fit
555 798 707 843 pecunia
737 795 880 832 ademta
897 819 909 842 ,
938 795 1076 844 aliquis
1091 796 1192 834 dicat
1213 822 1224 842 ,

59 850 109 888 ad
121 865 173 888 me
185 862 336 900 ereptum
347 849 535 899 perveniffi
550 874 564 896 ‚
593 848 687 896 quod
697 847 856 886 delatum
869 853 1020 900 accipere
1033 849 1224 899 noluff’m.

64 905 102 943 A
120 919 195 957 quo
210 919 294 944 cum
315 903 493 955 quaesiss'ct
510 927 523 947 ‚
554 916 628 954 quo
645 903 681 940 se
697 904 782 940 duci
802 904 946 950 vellet,
964 905 999 941 ὃ(
1016 904 1086 941 ille
1102 904 1228 943 Athe-

63 971 130 996 nas
147 960 288 996 diceret
305 983 318 1004 ‚
348 956 555 1008 praefidium
573 957 680 993 dedit
698 980 711 1002 ,
741 970 783 993 ut
802 971 846 994 eo
863 968 948 995 tuto
980 961 1199 1008 perveniret
1214 986 1224 995 .

65 1011 203 1064 Neque
220 1026 311 1049 vero
327 1011 364 1047 id
383 1010 474 1048 satis
491 1008 624 1046 habuit
641 1033 653 1054 ,
681 1008 742 1046 sed
759 1012 876 1046 etiam
895 1022 935 1047 ut
954 1012 1167 1049 inviolatus
1183 1014 1224 1049 in

63 1079 201 1104 navem
229 1064 445 1103 ascenderet
465 1088 478 1109 ‚
509 1075 575 1113 per
605 1061 815 1100 Chabriam
842 1063 1120 1102 Atheniensem
1139 1089 1152 1111 ,
1181 1066 1229 1103 de

64 1134 139 1172 quo
154 1118 262 1170 supra
286 1121 521 1157 mentionem
543 1115 864 1161 fecimus,effecit.
883 1115 1137 1156 Abstinentiae
1154 1123 1228 1156 erit

66 1173 138 1212 hoc
153 1171 246 1211 satis
262 1172 522 1211 testimonium
543 1198 552 1206 .
586 1169 755 1208 Plurima
775 1172 930 1221 quidem
946 1171 1115 1222 proferre
1145 1172 1234 1224 pos-

68 1225 190 1264 semus
206 1250 220 1272 ,
249 1225 308 1264 sed
327 1227 462 1263 modus
478 1223 716 1262 adhibendus
733 1222 783 1261 est
804 1239 811 1261 :
843 1229 1025 1276 quoniam
1058 1240 1135 1263 uno
1166 1227 1235 1264 hoc

69 1280 266 1319 volumine
300 1283 421 1319 vitam
453 1278 728 1316 excellentium
768 1281 939 1315 virorum
978 1280 1235 1330 complurium

67 1333 295 1372 concludere
324 1332 588 1371 constituimus
612 1355 626 1377 ‚
665 1345 825 1383 quorum
858 1331 1064 1383 separatim
1095 1335 1232 1372 multis

69 1386 245 1426 millibus
270 1386 445 1426 versuum
460 1385 676 1437 complures
693 1385 893 1437 scriptores
909 1400 999 1425 ante
1025 1401 1093 1426 nos
1111 1388 1238 1440 expli-

72 1453 206 1480 carunt
224 1469 233 1477 .

125 1493 175 1532 V.
205 1494 294 1533 Fuit
313 1496 350 1533 ὅ(
364 1495 526 1534 disertus
543 1519 556 1542 ‚
584 1506 627 1532 ut
652 1509 764 1533 nemo
785 1493 990 1532 Thebanus
1008 1499 1041 1533 ei
1059 1509 1127 1547 par
1144 1494 1236 1533 effet

72 1549 293 1601 eloquentia
311 1565 319 1587 :
350 1563 471 1602 neque
501 1553 628 1587 minus
658 1553 869 1588 concinnus
898 1552 935 1586 in
956 1549 1148 1588 brevitate
1177 1563 1238 1587 re-

72 1602 282 1654 spondendi
300 1627 314 1648 ‚
343 1617 458 1654 quam
473 1607 511 1641 in
529 1615 708 1654 perpetua
728 1605 902 1641 oratione
932 1616 1089 1641 ornatus
1110 1632 1118 1640 .
1151 1601 1239 1640 Ha-

71 1655 156 1695 buit
188 1656 480 1695 obtreaatorem
514 1657 776 1695 Menecliden]
804 1657 1007 1708 quemdam
1025 1681 1038 1703 ,
1068 1658 1238 1694 indidem

75 1709 221 1748 Thebis
244 1735 256 1757 ,
284 1710 544 1750 adversarium
562 1716 599 1749 in
617 1710 918 1749 administranda
940 1711 1134 1762 republica
1154 1736 1167 1757 ,
1185 1710 1244 1748 sa—

74 1767 125 1802 tis
154 1767 407 1802 exercitatum
441 1769 481 1803 in
518 1766 677 1804 dicendo
694 1789 707 1812 ,
737 1778 779 1802 ut
809 1763 1036 1802 Thebanum
1069 1764 1214 1802 scilicet
1234 1791 1241 1800 .

77 1832 243 1870 namque
259 1819 320 1855 illi
336 1822 442 1870 genti
473 1819 559 1870 plus
580 1819 673 1858 inest
705 1822 845 1857 virium
864 1832 978 1870 quam
996 1821 1144 1871 ingenii
1166 1847 1174 1854 .
1205 1817 1243 1855 Is

76 1873 178 1925 quod
194 1875 233 1910 in
249 1886 289 1910 re
304 1873 468 1909 militari
485 1875 618 1911 florere
637 1873 949 1924 Epaminondam
971 1873 1145 1918 videbat,
1157 1872 1245 1909 hor-

77 1929 153 1964 tari
175 1925 321 1964 solebat
341 1925 544 1965 Thebanos
562 1939 603 1965 ut
619 1941 751 1979 pacem
784 1927 888 1964 bello
903 1925 1139 1964 anteferrent
1157 1950 1169 1971 ,
1200 1935 1246 1961 περ.

78 1981 191 2018 illius
209 1982 452 2031 imperatoris
470 1995 584 2032 opera
603 1980 874 2019 desideraretur
890 2008 898 2015 .
931 1978 1038 2017 Huic
1055 1980 1125 2018 ille
1142 2004 1155 2025 ,
1173 1977 1249 2016 fal—

79 2033 131 2072 lis
150 2059 164 2079 ,
194 2036 320 2085 inquit
339 2059 352 2080 ,
383 2034 498 2072 verbo
515 2037 618 2073 cives
635 2046 721 2073 tuos
739 2059 752 2080 ‚
783 2034 884 2086 quod
901 2034 969 2071 hos
985 2048 1005 2072 a
1035 2034 1139 2071 bello
1155 2047 1251 2071 avo-

84 2100 145 2125 cas
161 2114 171 2124 .
187 2090 259 2126 otii
275 2091 378 2126 enim
395 2092 552 2128 nomine
567 2088 794 2127 servitutem
809 2088 996 2126 concilias
1015 2115 1024 2124 .
1042 2101 1133 2126 nam
1150 2090 1253 2138 pari-

833 2141 867 2179 E
1143 2154 1204 2178 tur
