1714 2719
465 141 566 177 xviii
705 135 1314 178 TESTIMONIA.

416 217 612 271 gnoscitur
632 230 643 261 3
673 227 754 254 tum
798 220 915 255 etiam
945 218 1044 268 quod
1061 218 1110 255 ad
1127 217 1383 268 Pomponium
1400 218 1583 259 Atticum

420 275 436 321 (
454 273 558 323 cujus
577 271 676 307 idem
694 282 827 322 rogatu
843 272 889 308 de
906 273 986 308 vita
1002 271 1167 309 Catonis
1184 272 1324 308 librum
1351 271 1444 310 fecit
1459 276 1476 322 )
1493 277 1584 312 vitae

419 325 494 363 istae
510 324 735 362 scribantur:
754 336 958 375 utcumque
976 326 1013 362 id
1032 329 1069 361 in
1084 337 1220 375 quarto
1238 324 1583 364 Miscellaneorum

420 379 572 417 suorum
590 390 702 430 neget
719 375 984 427 Hieronymus
1002 379 1160 429 Magius
1180 392 1191 422 3
1222 381 1286 428 qui
1319 378 1396 429 ipsa
1427 383 1584 428 Nepotis

417 431 646 486 praefatione
677 430 767 470 satis
800 431 1016 470 refellitur.
1049 430 1212 469 Accedit
1243 433 1279 468 &
1308 433 1430 470 altera
1455 437 1583 471 ratio.

420 487 526 524 Nam
543 487 603 523 his
622 488 660 522 in
678 486 789 523 libris
805 499 847 522 ea
883 485 1007 537 legere
1027 484 1077 522 est
1097 499 1174 535 quae
1204 499 1297 538 opus
1313 485 1384 522 hoc
1401 485 1586 537 scriptum

419 539 493 578 esse
523 540 696 576 clamant
726 553 800 590 quo
830 550 1002 588 tempore
1034 538 1237 589 Pompe—jus
1265 540 1302 575 &
1344 537 1470 577 Caesar
1499 540 1586 591 plus

421 604 600 643 poterant
631 606 743 642 quam
793 591 911 628 libera
953 594 991 628 in
1025 592 1217 643 republica
1261 593 1458 642 expediret
1479 620 1486 627 .
1527 593 1587 630 Ea

420 646 635 684 Lambinus
653 646 735 683 loca
754 645 932 696 congeffit
950 669 962 690 ‚
992 657 1032 682 ut
1049 646 1146 682 nihil
1164 649 1332 683 attineat
1349 647 1420 683 illa
1451 647 1514 684 hic
1530 660 1590 684 re-

420 713 563 749 ponere
580 727 589 734 .
620 697 703 735 Nec
720 698 830 735 libris
848 697 927 735 istis
944 699 990 734 de
1008 700 1101 735 viris
1119 697 1330 735 illustribus
1348 698 1471 736 solum
1502 713 1590 749 per-

419 751 572 789 secutus
602 750 654 787 est
685 751 918 788 excellentes
936 754 1184 800 imperatores
1204 764 1215 794 ;
1246 749 1308 788 sed
1338 755 1457 789 etiam
1486 767 1592 790 com-

423 803 734 842 mentationibus
763 804 886 841 claros
904 831 912 839 .
953 803 1070 858 Quod
1098 815 1365 855 argumentum
1396 805 1517 856 fignat
1546 806 1590 843 B.

424 856 695 906 Hieronymus
728 881 741 902 9
770 856 993 908 praefatione
1017 857 1062 894 de
1095 856 1343 906 scriptoribus
1372 858 1594 897 ecclesiasti-

425 914 483 949 cis
501 926 508 947 :
541 911 605 948 ubi
623 917 793 959 Nepotem
812 913 913 947 inter
943 924 1006 948 eos
1037 908 1152 947 refert
1182 924 1341 960 quorum
1359 913 1538 962 exemplo
1552 927 1595 949 a-

423 964 552 1003 &urus
583 964 626 1001 sit
643 965 689 1001 de
720 968 767 1000 iis
785 966 850 1014 qui
868 962 1063 1001 scribendo
1080 964 1300 1001 claruerunt
1313 992 1322 1000 .
1352 964 1446 1016 Egit
1463 978 1592 1004 autem

421 1023 542 1067 Nepos
572 1029 655 1054 tum
686 1018 732 1054 de
760 1017 907 1054 Graecis
936 1016 1154 1055 auetoribus
1172 1041 1184 1062 ‚
1215 1028 1297 1054 tum
1330 1018 1376 1055 de
1408 1017 1564 1055 Latinis
1581 1046 1591 1054 .

422 1070 490 1109 De
504 1070 649 1109 Graecis
667 1095 680 1116 ,
709 1070 854 1122 colligo
872 1072 960 1107 inde
978 1095 990 1115 ,
1021 1071 1121 1121 quod
1139 1072 1176 1105 in
1195 1068 1340 1108 Dionis
1358 1074 1440 1108 vita
1458 1072 1561 1109 dicat
1579 1095 1593 1117 ,

422 1125 566 1165 librum
582 1123 621 1162 se
636 1124 765 1162 fecisse
781 1125 827 1161 de
844 1123 1054 1161 illustribus
1072 1122 1283 1161 historicis:
1316 1126 1356 1160 in
1387 1138 1462 1175 quo
1492 1128 1594 1162 inter

419 1181 500 1218 alia
517 1178 692 1216 traRarit
708 1178 753 1215 de
770 1176 933 1214 Philisto
949 1176 1127 1214 historico
1144 1204 1153 1212 .
1184 1175 1249 1214 De
1266 1177 1422 1215 Latinis
1443 1201 1457 1223 ‚
1481 1193 1595 1230 argu-

420 1245 555 1271 mento
571 1231 656 1268 sunt
673 1231 837 1282 plurima
856 1258 864 1266 .
895 1230 1000 1267 Nam
1017 1231 1064 1267 de
1083 1229 1267 1267 Terentio
1283 1230 1416 1281 egisse,
1433 1244 1479 1268 ex
1499 1232 1592 1269 Sue-

423 1289 534 1325 tonio
551 1284 688 1322 scimus
723 1287 761 1322 in
782 1283 958 1322 Terentii
989 1287 1069 1321 vita
1088 1308 1101 1328 ,
1131 1282 1291 1321 Donato
1308 1297 1505 1335 perperam
1524 1287 1596 1322 tri-

420 1341 516 1378 buta
534 1367 543 1375 .
575 1337 718 1376 Adhaec
733 1341 899 1388 primum
917 1338 962 1374 de
993 1340 1073 1374 vita
1091 1336 1291 1374 Ciceronis
1322 1337 1464 1374 librum
1495 1338 1593 1375 Gel-

422 1394 503 1431 lius
519 1395 616 1430 citat
633 1392 701 1429 lib.
720 1390 813 1428 XV.
832 1404 913 1441 cap.
933 1389 1132 1428 XXVIII.
1151 1389 1286 1441 quue
1303 1404 1346 1427 ex
1365 1405 1478 1440 opere
1493 1390 1597 1443 frag-

423 1457 602 1484 mentum
620 1444 886 1494 Hieronymus
918 1443 1043 1482 adfert
1061 1443 1167 1494 epist.
1200 1445 1245 1480 ad
1277 1444 1563 1482 Paminachium
1583 1473 1592 1481 .

426 1498 556 1537 Immo
573 1499 778 1536 verisimile
793 1498 844 1536 est
862 1522 875 1544 9
914 1499 1002 1536 inde
1019 1498 1092 1536 else
1120 1509 1203 1534 tum
1222 1500 1342 1534 vitam
1363 1497 1409 1534 T.
1427 1497 1597 1549 Pompo-

424 1556 484 1590 nii
519 1552 679 1598 Attici,
709 1567 787 1603 quae
818 1550 967 1597 exstat,
995 1564 1079 1589 tum
1106 1553 1227 1589 vitam
1256 1551 1421 1589 Catonis
1439 1575 1451 1597 ,
1481 1565 1594 1603 quam

427 1605 508 1643 istis
525 1607 671 1643 claudit
689 1606 815 1644 verbis
833 1621 841 1642 ε
873 1607 1002 1652 Hujus
1016 1604 1058 1641 de
1080 1608 1163 1642 vita
1186 1605 1229 1646 ῤ’
1259 1604 1411 1641 moribus
1434 1604 1542 1653 plura
1556 1608 1596 1640 in

423 1673 461 1697 oo
477 1657 563 1695 libro
574 1660 873 1708 perficzltifizmus
901 1672 1001 1705 quem
1019 1659 1215 1707 sbparatim
1228 1659 1269 1694 de
1282 1672 1318 1694 eo
1322 1658 1480 1706 fecimus
1497 1683 1510 1704 ,
1539 1671 1596 1693 ro-

419 1723 514 1760 gatu
542 1716 629 1749 Titi
645 1716 829 1760 Pomponii
842 1715 969 1749 Attici
985 1741 993 1747 .
1026 1715 1145 1765 Qare
1163 1711 1338 1761 studiosus
1368 1716 1521 1748 Catonis
1546 1711 1597 1748 ad

426 1764 525 1802 illud
536 1765 696 1802 volumen
725 1766 911 1814 relegamus
931 1794 939 1802 .
971 1765 1120 1816 Aperte
1152 1766 1296 1803 indicat
1313 1790 1326 1811 ‚
1355 1780 1398 1803 eo
1423 1780 1523 1803 nunc
1547 1766 1595 1803 de

427 1819 580 1857 Catone
597 1820 748 1858 brevius
767 1821 801 1858 se
817 1834 926 1871 agere
938 1844 950 1866 ,
970 1824 1056 1870 quia
1074 1819 1273 1870 separatim
1291 1819 1338 1857 de
1353 1820 1485 1857 eodem
1503 1818 1595 1856 scri-

427 1872 544 1923 pserit
562 1901 571 1909 .
601 1873 703 1925 Ergo
742 1877 822 1911 vita
854 1874 924 1910 illa
955 1874 1118 1911 Catonis
1149 1887 1260 1924 quam
1283 1877 1413 1924 paucis
1443 1872 1595 1923 perstri-

426 1925 526 1963 &am
559 1926 741 1964 habemus
759 1951 772 1972 5
801 1929 956 1978 majoris
988 1941 1071 1977 pars
1103 1926 1153 1964 est
1173 1927 1384 1966 voluminis
1402 1952 1414 1973 ,
1446 1930 1484 1963 in
1518 1941 1596 1977 quo

426 1979 696 2018 Romanorum
728 1982 982 2032 complurium
1016 1984 1099 2017 vitae
1130 1983 1443 2018 continerentur.
1476 1979 1596 2016 Reli-

424 2036 508 2083 quit
526 2038 643 2071 ctiam
675 2033 951 2085 Exemplorum
983 2034 1100 2072 libre-s
1119 2058 1130 2080 ‚
1161 2048 1254 2086 quos
1283 2037 1407 2073 citant
1430 2032 1593 2071 Gellius

1461 2086 1531 2127 lib.
