1714 2719
496 149 548 182 26
656 143 1028 184 CORNELII
1082 142 1394 185 NEPOTIS

444 236 591 265 teneret
606 227 792 278 potestate
808 250 821 272 ‚
851 242 935 265 cum
961 228 997 264 id
1028 227 1064 265 se
1082 227 1459 265 Lacedaemoniorum
1478 230 1600 269 caussa

442 279 568 319 facere
585 281 775 318 simularet
791 308 800 317 .
832 281 1011 332 Namque
1039 282 1207 331 undique
1225 285 1290 332 qui
1309 281 1603 322 Atheniensium

440 334 552 373 §ebus
570 334 791 372 studuissent
808 358 821 380 ,
849 334 1004 386 ejec'hs,
1021 335 1150 372 decem
1167 334 1358 385 delegerat
1378 338 1417 371 in
1434 349 1605 386 unaqua-

440 399 516 439 que
531 391 691 426 civitate
707 412 720 435 ,
737 389 874 439 quibus
890 387 1080 425 summum
1097 391 1299 440 imperium
1314 412 1327 433 ,
1356 387 1603 438 potestatem-

443 455 519 492 que
534 444 706 479 omnium
723 456 845 479 rerum
861 445 1119 479 committeret
1136 470 1144 477 .
1176 440 1329 479 Horum
1350 445 1388 478 in
1405 456 1605 479 numerum

442 508 558 532 nemo
574 495 875 542 admittebatur,
904 495 973 532 nisi
990 498 1055 546 qui
1070 507 1134 532 aut
1153 497 1231 545 ejus
1249 495 1416 545 hospitio
1432 498 1608 533 contine-

442 560 548 586 retur
571 572 584 595 ,
609 561 675 586 aut
693 547 729 586 se
749 549 856 585 illius
872 547 954 585 fore
983 552 1177 598 proprium
1196 548 1268 585 fide
1284 548 1527 586 confirmaret
1543 576 1552 584 .
1576 577 1579 580 ,
1597 577 1599 579 .

497 599 549 638 ΙΙ.
587 600 647 639 Ita
679 602 926 639 decemvirali
958 601 1143 651 potestate
1173 604 1212 638 in
1243 601 1420 640 omnibus
1453 602 1607 641 urbibus

441 654 668 701 constituta,
687 655 798 705 ipsius
814 668 910 692 nutu
927 656 1054 691 omnia
1072 654 1323 705 gerebantur.
1341 657 1446 705 cujus
1463 657 1508 692 de
1525 669 1611 692 cru-

441 708 608 746 delitate
636 722 680 746 ac
696 707 854 758 perfidia
872 707 963 745 satis
980 706 1031 744 est
1061 721 1176 744 unam
1194 722 1270 744 rem
1289 709 1457 758 exempli
1485 711 1606 760 gratia

443 760 617 812 proferre
634 784 648 808 9
678 775 723 798 ne
739 762 785 798 de
801 762 933 798 eodem
949 760 1059 811 plura
1089 761 1344 798 enumerando
1362 785 1375 807 ,
1404 760 1609 812 fatigemus

443 814 606 851 lessores
623 841 631 849 .
665 813 800 852 Vi&or
815 827 859 851 ex
878 814 968 851 Asia
993 828 1078 851 cum
1109 826 1360 851 reverteretur
1380 838 1393 860 ,
1424 814 1610 852 Thasum-

444 881 521 918 que
537 867 750 905 divertisset
763 893 774 914 ‚
793 867 892 919 quod
910 881 951 904 ea
968 869 1106 905 civitas
1124 871 1306 918 praecipua
1325 866 1398 904 fide
1414 867 1536 904 suerat
1553 882 1613 905 er-
1669 871 1674 877 '

441 935 489 972 ga
511 920 769 958 Athenienses
788 945 801 967 ,
819 921 980 971 proinde
994 934 1036 958 ac
1053 920 1076 957 s1
1094 922 1210 957 iidem
1228 921 1427 958 firmiffimi
1445 920 1610 958 solerent

440 973 516 1011 effe
531 977 646 1011 amici
665 998 678 1020 ,
707 977 774 1025 qui
790 973 1005 1012 constantes
1042 972 1197 1010 fuissent
1213 977 1362 1010 inimici
1379 997 1393 1019 ,
1423 987 1504 1011 eam
1524 987 1609 1023 per-

437 1039 589 1065 ·vertere
605 1030 827 1078 concupivit
845 1055 854 1063 .
881 1026 994 1064 Vidit
1010 1039 1137 1066 autem
1151 1051 1163 1071 ³
1181 1027 1248 1063 nisi
1266 1030 1304 1063 in
1322 1041 1365 1064 eo
1385 1028 1606 1064 occultasset

438 1080 685 1118 voluntatem
715 1105 728 1126 ,
757 1080 929 1118 futurum
957 1092 999 1117 ut
1041 1079 1169 1117 Thafii
1195 1079 1456 1116 dilaberentur
1473 1103 1486 1126 ‚
1516 1093 1607 1117 con-

438 1132 683 1185 sulerentque
699 1134 807 1171 rebus
825 1133 898 1171 suis
924 1161 931 1169 .
973 1134 995 1155 ’Κ

553 1185 780 1233 Defi'deratur
795 1185 852 1224 hic
865 1185 1053 1235 exemplum
1069 1183 1242 1235 Lysandri
1257 1183 1488 1222 crudelitatis

799 1241 843 1282 (ΞΤ
853 1238 1008 1288 petfidiae
1023 1243 1062 1275 in
1076 1239 1219 1284 Tbafios
1238 1271 1246 1280 ,

491 1292 563 1331 III.
575 1292 712 1346 Itaque
723 1294 1017 1332 decemviralem
1035 1292 1137 1330 suam
1154 1292 1379 1342 potestatem
1397 1291 1451 1328 sui
1467 1291 1515 1329 ab
1532 1292 1604 1340 illo

440 1347 690 1386 constitutam
722 1347 973 1384 sustulerunt,
1005 1350 1093 1403 Quo
1120 1347 1251 1384 dolore
1282 1345 1485 1391 incensus,
1516 1345 1604 1384 iniit
1636 1345 1639 1347 ’

442 1401 618 1447 consilia,
642 1415 745 1452 reges
762 1400 1136 1438 Lacedaemoniorum
1159 1400 1297 1437 tollere
1314 1427 1323 1435 .
1343 1398 1404 1436 sed
1420 1398 1607 1436 sentiebat

437 1454 481 1492 id
496 1453 533 1492 se
548 1454 622 1491 fine
638 1468 710 1504 ope
726 1453 900 1491 Deorum
917 1452 1040 1491 facere
1059 1468 1134 1490 non
1155 1453 1256 1503 posse
1274 1476 1286 1498 ,
1316 1453 1418 1503 quod
1434 1451 1609 1489 Lacedae-

440 1511 568 1545 monii
585 1511 714 1545 onmia
730 1508 777 1544 ad
795 1508 948 1545 oracula
966 1507 1103 1544 referre
1119 1506 1392 1544 consueverant
1410 1533 1418 1541 .
1437 1504 1607 1542 Primum

439 1560 621 1612 Delphos
637 1575 876 1611 corrumpere
891 1559 940 1597 est
970 1573 1127 1598 conatus
1144 1587 1152 1595 .
1183 1560 1283 1596 Cum
1301 1561 1339 1596 id
1373 1573 1448 1596 non
1465 1558 1610 1609 potuis-

438 1614 513 1660 set,
536 1614 743 1652 Dodonam
760 1615 916 1652 adortus
934 1613 985 1651 est
1000 1642 1007 1649 .
1029 1612 1135 1651 Hinc
1152 1627 1301 1664 quoque
1318 1612 1607 1663 repulsus,dixit

441 1667 479 1705 se
497 1680 587 1705 vota
616 1667 814 1718 suscepisse
831 1691 844 1713 ‚
874 1681 951 1718 quae
966 1667 1053 1718 Jovi
1074 1665 1288 1703 Hammoni
1306 1666 1468 1703 solveret
1485 1689 1498 1711 ‚
1528 1668 1611 1702 exi·
1663 1703 1666 1706 ,

446 1720 604 1758 stimans
625 1720 660 1758 se
677 1721 796 1758 Afros
827 1720 982 1758 facilius
998 1734 1263 1770 corrupturum
1281 1747 1289 1755 .
1321 1718 1408 1757 Hac
1435 1718 1496 1768 spe
1524 1733 1608 1755 cum

445 1774 636 1825 profestus
654 1774 743 1812 esset
760 1777 799 1811 in
818 1773 995 1811 Africam
1014 1797 1026 1820 ,
1056 1775 1222 1810 multum
1241 1788 1326 1811 eum
1342 1771 1533 1810 antistites
1548 1771 1611 1820 Jo-

443 1830 504 1865 vis
522 1827 746 1866 fefellerunt
767 1855 776 1863 .
808 1841 896 1864 nam
914 1843 990 1865 non
1024 1826 1144 1864 solum
1161 1830 1349 1877 corrumpi
1380 1840 1455 1863 non
1476 1838 1609 1875 potue·
1663 1840 1667 1842 ·

442 1893 533 1918 tunt
556 1905 568 1926 ,
599 1880 659 1918 sed
690 1884 804 1919 etiam
824 1881 970 1933 legatos
996 1879 1267 1918 Lacedaemona
1297 1879 1480 1917 miserunt
1501 1902 1514 1924 ,
1543 1881 1607 1929 qui

438 1933 687 1983 >Lysandrum
712 1934 928 1972 accusarent
946 1958 959 1981 ,
989 1935 1088 1985 quod
1106 1933 1314 1972 sacerdotes
1332 1932 1413 1970 fani
1442 1946 1610 1970 corrum-
1661 1978 1667 1983 ι

445 2001 534 2038 pere
549 2000 705 2025 conatus
723 1987 812 2025 esset
831 2015 839 2023 .
883 1987 1095 2025 Accusatus
1119 1987 1190 2025 hoc
1205 1989 1364 2025 crimine
1381 2010 1392 2031 ,
1421 1987 1610 2037 judicum-

441 2053 520 2093 que
535 2040 729 2080 absolutus
747 2040 948 2081 sententiis
966 2065 979 2089 ‚
995 2041 1263 2080 Orchomeniis
1279 2039 1409 2078 missus
1427 2038 1604 2086 subfidio,

1457 2106 1558 2130 occi-
