1714 2719
341 166 976 210 PHOCION.X1x.
1142 167 1192 216 ε,

71 254 174 297 ,ilem
187 255 244 293 hic
260 277 274 302 ,
300 255 428 305 inquit
446 274 460 298 ‚
487 249 619 299 agellus
635 249 715 287 illos
729 248 803 286 alet
820 274 833 295 ,
863 253 926 296 qui
939 264 992 287 me
1004 250 1055 287 ad
1081 250 1168 287 hanc
1184 249 1244 287 dn·-

69 313 250 359 gm'tatrm
259 306 424 359 perduxit
441 321 448 342 :
455 304 513 352 fin
527 303 708 350 dtffimiles
714 304 804 353 fimt
809 302 940 351 futuri
956 328 969 349 ,
985 303 1061 340 nelo
1075 307 1159 341 meis
1175 307 1248 341 im-·

73 364 184 414 φορά]
200 361 339 399 illorum
351 359 406 397 alr‘
419 360 605 407 augerique
619 356 802 394 luxuriam
819 384 826 393 .

134 415 186 454 Il.
216 415 352 454 Eidem
370 427 455 452 cum
487 425 603 463 prope
619 413 666 449 ad
683 425 824 449 annum
856 410 1122 463 oSlogefimum
1140 411 1244 463 pros-

82 484 171 521 pera
188 467 375 507 mansisset
394 466 547 505 fortuna
562 490 576 512 ,
605 468 788 503 extremis
806 467 1042 515 temporibus
1059 479 1243 517 magnum

83 528 123 563 in
139 524 266 563 odium
285 524 458 573 pervenit
478 519 626 557 suorum
647 522 792 557 civium
807 546 816 556 .
849 518 977 556 Primo
993 534 1076 557 cun]
1096 518 1246 557 Dema-

79 576 130 615 de
144 601 159 624 ,
173 577 220 614 de
236 576 326 613 urbe
342 575 524 613 tradenda
543 572 759 623 Antipatro
775 598 789 619 ,
805 571 1043 611 consenserat
1062 589 1069 610 :
1090 572 1246 624 ejusque

77 629 237 669 consilio
254 628 534 667 Demosthenes
551 641 635 665 cum
653 630 788 665 ceteris
805 629 870 678 qui
887 626 981 664 bene
997 628 1044 665 de
1074 627 1245 678 republi-

78 695 122 721 ca
132 687 273 721 mereri
289 681 606 720 existimabantur
622 704 635 725 ‚
665 680 868 731 plebiscito
886 682 924 717 in
941 681 1116 719 exsilium
1133 693 1245 720 erant

75 737 224 787 expulsi
243 763 251 772 .
281 735 420 787 Neque
451 739 488 772 in
524 749 568 772 eo
602 733 724 772 solum
755 735 963 772 offenderat
981 735 1080 786 quod
1112 737 1247 785 patriae

82 791 185 827 male
201 789 441 827 consuluerat
461 813 473 834 ,
504 787 564 825 sed
583 790 701 825 etiam
721 789 820 839 quod
838 790 1018 826 amicitiae
1034 788 1147 826 fidem
1165 802 1248 826 non

79 842 304 894 prastiterat
322 870 330 878 .
361 842 541 893 Namque
558 841 689 880 :melus
707 866 720 887 3
737 841 962 893 adjutusque
978 856 996 879 a
1016 841 1248 880 Demosthe-

83 911 132 935 ne
148 920 162 943 ,
191 911 275 934 eum
294 910 404 947 quem
423 896 578 933 tenebat
598 919 611 940 ‚
636 895 856 933 ascenderat
873 897 1030 947 gradum
1050 920 1063 942 ,
1080 910 1164 934 cum
1180 896 1249 933 ad-

84 949 214 987 versus
229 949 435 988 Charetem
453 963 538 986 eum
556 949 778 986 subornaret
796 975 805 984 .
823 949 872 986 ab
887 950 1020 988 eodem
1039 952 1076 986 in
1093 950 1248 1000 judiciis

79 1018 166 1041 cum
184 1005 323 1054 capitis
340 1002 502 1039 canss'am
521 1003 663 1039 diceret
680 1026 693 1047 ,
722 1001 898 1040 defensus
929 1004 1137 1054 aliquoties
1156 1026 1169 1048 ³
1199 1003 1250 1039 li-

80 1056 233 1094 beratus
252 1055 466 1093 discesserat
485 1083 494 1090 .
527 1051 645 1092 Hunc
662 1069 738 1092 non
757 1054 877 1094 solum
897 1059 936 1093 in
954 1055 1138 1107 periculis
1170 1069 1249 1094 non

78 1108 254 1147 defendit
272 1132 284 1155 ,
315 1109 376 1146 sed
393 1113 510 1146 etiam
530 1109 700 1159 prodidit
717 1136 726 1144 .
757 1108 943 1147 Concidit
962 1122 1091 1147 autem
1123 1112 1251 1146 maxi-

78 1177 140 1201 me
157 1177 233 1200 uno
260 1164 421 1200 crimine
437 1187 451 1208 ,
480 1167 569 1213 quia
601 1176 687 1199 cum
718 1164 816 1213 apud
835 1177 920 1200 eum
939 1163 1126 1200 summum
1158 1162 1251 1201 esset

78 1219 282 1266 imperium
301 1218 464 1267 populi,
495 1218 529 1253 ἃ
546 1214 780 1253 Nicanorem
799 1216 1000 1254 Cassandri
1032 1215 1253 1266 patet-Tium

80 1268 250 1307 insidiari
267 1269 405 1307 Piraeeo
423 1268 719 1306 Atheniensium
738 1283 759 1306 a
779 1268 971 1318 Dercyllo
1004 1282 1250 1307 moneretur:

81 1325 260 1373 idemque
290 1322 495 1374 postularet
524 1335 566 1359 ut
595 1324 818 1372 provideret
849 1346 863 1369 ,
892 1338 940 1361 ne
970 1322 1254 1361 commeatibus

80 1380 222 1415 civitas
239 1379 477 1427 privaretur:
509 1376 600 1413 hinc
617 1399 631 1423 ‚
659 1377 841 1414 audiente
870 1378 1015 1427 populo
1034 1403 1047 1422 ‚
1079 1377 1253 1414 Phocion

84 1433 243 1482 negavit
273 1430 344 1467 eise
373 1430 584 1480 periculum
603 1443 612 1465 :
642 1428 754 1480 seque
778 1431 858 1481 ejus
889 1435 942 1468 rei
974 1431 1139 1468 obsidem
1170 1430 1254 1468 fore

85 1485 287 1535 pollicitus
316 1482 367 1521 est
382 1511 392 1519 .
424 1483 561 1535 Neque
577 1487 630 1520 ita
646 1484 776 1521 multo
806 1483 887 1534 post
908 1485 1083 1522 Nicanor
1112 1483 1254 1522 Piraeeo

85 1536 140 1576 est
161 1540 308 1588 potitus
325 1563 334 1572 .
366 1536 430 1574 Ad
448 1551 559 1589 quem
576 1537 875 1587 recuperandum
906 1552 991 1575 cum
1009 1539 1176 1589 populus
1192 1552 1255 1574 ar-

84 1604 213 1630 matus
242 1590 487 1628 concurriiset
504 1614 518 1637 ,
547 1592 618 1628 ille
633 1604 709 1627 non
727 1591 843 1629 modo
859 1595 1052 1629 neminem
1070 1592 1119 1629 ad
1147 1605 1252 1629 arma

88 1648 245 1683 vocavit
261 1667 275 1689 ‚
306 1643 366 1681 sed
383 1659 430 1682 ne
458 1649 614 1682 armatis
631 1646 785 1695 quidem
813 1645 960 1695 praeesse
991 1646 1117 1684 voluit
1134 1668 1148 1692 ,
1177 1644 1253 1683 fine

87 1713 163 1751 quo
179 1698 341 1736 Athenae
358 1701 515 1736 omnino
528 1698 695 1746 effe‘non
712 1698 865 1748 poffunt
881 1726 892 1734 .

138 1750 209 1788 III.
240 1749 363 1788 Erant
380 1766 424 1789 eo
449 1763 620 1802 ternpore
634 1750 804 1789 Athenis
821 1754 900 1789 duae
917 1751 1103 1791 sac'liones
1122 1767 1129 1789 :
1161 1767 1254 1804 qua·-

86 1819 170 1844 rum
188 1818 260 1843 una
297 1808 432 1857 populi
447 1805 611 1843 caussam
641 1806 777 1856 agebat
794 1829 808 1851 ,
836 1807 958 1844 altera
989 1810 1224 1858 optimatum
1241 1835 1251 1843 .

88 1858 133 1896 In
150 1858 219 1897 hac
234 1871 313 1896 erat
332 1858 519 1904 Phocion,
536 1860 571 1896 &
588 1857 814 1897 Demetrius
832 1859 1038 1898 Phalereus
1057 1888 1065 1896 .
1098 1858 1253 1899 Harum

86 1925 249 1963 utraque
266 1911 526 1950 Macedonum
544 1915 771 1963 patrociniis
788 1913 1006 1951 nitebatur.
1025 1928 1113 1951 nam
1131 1927 1254 1964 popu-

88 1966 188 2003 lares
205 1965 507 2015 Polyperchonti
524 1965 708 2004 favebant
727 1982 734 2003 :
766 1971 974 2016 optimates
990 1982 1074 2005 cum
1091 1966 1255 2004 Cassan-

82 2019 157 2056 dro
188 2017 402 2056 sentiebant
418 2046 428 2057 ,
459 2018 620 2057 Interim
650 2034 671 2058 a
703 2020 1013 2071 Polyperchonte
1043 2019 1254 2059 Cassander

80 2070 322 2114 Macedonia
339 2072 468 2124 pulsus
486 2072 537 2115 est
553 2088 562 2112 ;
598 2087 674 2125 quo
698 2073 800 2113 faGo
815 2075 980 2129 populus
1009 2074 1180 2128 superior
1195 2073 1254 2112 fa-

1089 2128 1168 2167 &us
1187 2152 1200 2175 2
