1714 2719
335 119 842 160 HANNIBAL.
900 120 1074 160 XXII.
1163 132 1232 167 105

124 201 233 238 batur
249 227 258 236 .
289 198 354 239 Ad
371 200 469 238 hunc
487 199 790 237 interf-iciendum
809 200 925 238 talem
946 204 1034 238 iniit
1061 206 1246 240 rationem
1263 229 1274 239 .

123 253 252 291 Classe
266 256 394 304 paucis
411 253 542 290 diebus
575 265 682 289 erant
709 254 894 291 decreturi
912 277 921 288 ·
954 254 1195 304 superabatur
1213 271 1282 294 na-

125 311 230 345 vium
265 306 541 345 multitudine:
574 306 663 343 dolo
680 319 758 343 erat
792 309 1036 357 pugnandum
1056 332 1067 353 ‚
1099 323 1182 346 cum
1213 324 1281 360 par

124 375 199 398 non
217 360 305 398 esset
334 362 450 397 armis
467 386 475 395 .
506 357 718 408 Imperavit
749 360 1049 409 quamplurimus
1073 376 1279 400 venenatas

125 412 312 464 serpentes
332 415 440 450 vivas
456 413 622 463 colligi,
652 411 786 463 easque
804 416 841 450 in
862 411 945 449 vasa
966 413 1097 451 fiffllia
1115 417 1280 466 conjici.

124 465 275 503 Harum
291 480 375 504 cum
409 464 627 503 conseciss'ct
657 479 835 517 magnam
867 467 1156 506 multitudinem
1176 491 1189 513 ,
1218 470 1282 505 die

123 518 203 570 ipso
219 533 294 570 quo
311 518 477 557 saffirus
494 532 573 556 erat
592 520 728 556 navale
746 520 921 569 proelium
941 543 953 564 ‚
971 520 1174 558 claffiarios
1191 536 1283 559 con-

122 585 256 616 vocat,
294 572 424 623 hisque
447 575 615 623 praecipit
633 597 646 618 ,
676 588 806 611 omnes
824 586 863 610 ut
883 577 920 610 in
952 587 1065 610 unam
1096 574 1280 612 Eumenis

121 628 217 676 regis
233 639 460 663 concurrant
477 640 612 663 navem
627 653 634 662 .
648 641 666 662 a
688 631 821 665 ceteris
840 639 990 664 tantum
1008 626 1097 665 satis
1114 628 1158 665 ha
1167 629 1279 665 beant

121 677 158 716 se
186 678 388 717 defendere
403 707 411 715 .
445 681 479 716 id
512 679 626 717 facile
658 681 747 718 illos
782 679 996 730 serpentum
1028 682 1282 719 multitudine

119 731 383 770 consecuturos
400 761 408 768 .
443 732 530 771 Rex
547 746 674 770 autem
693 748 764 784 qua
797 748 894 771 nave
911 734 1113 771 veheretur
1139 748 1178 771 ut
1211 734 1280 771 sci-

121 797 203 822 rent
221 809 234 830 ,
264 785 299 823 se
317 786 501 823 &ehu-um
521 803 527 823 :
559 802 669 837 quem
689 788 710 823 si
728 800 792 824 aut
810 787 1017 837 cepissent,
1037 802 1101 825 aut
1121 786 1280 825 interfe-

120 837 254 876 cissent
271 863 284 883 ‚
315 853 453 890 magno
471 841 528 876 his
546 841 751 889 pollicetur
769 844 920 890 praemio
937 840 1018 878 fore
1034 869 1042 876 .

174 891 246 929 XI.
270 891 359 929 Tali
377 894 641 930 cohortatione
658 895 828 930 militum
847 893 1087 939 fuclasslaffis
1104 894 1152 930 ab
1167 893 1282 931 utris-

120 948 247 996 quein
279 946 454 995 proelium
472 946 695 982 deducitur.
727 949 900 1007 Qarum
931 951 1013 984 acie
1044 946 1246 984 constituta
1268 971 1282 989 ,

122 999 338 1049 priusquam
359 999 501 1049 {ignum
520 1013 650 1050 pugna:
668 1000 821 1036 daretur
837 1024 850 1045 ,
882 998 1115 1044 Hannibal,
1145 1013 1184 1036 ut
1215 1013 1283 1049 pa·-

121 1052 201 1088 lam
219 1051 359 1089 faceret
378 1054 452 1089 suis
470 1067 544 1103 quo
562 1055 645 1090 loco
662 1051 853 1090 Eumenes
883 1053 973 1090 elset
992 1077 1005 1098 ,
1034 1053 1284 1090 tabellarium

122 1107 160 1141 in
178 1104 308 1155 scapha
328 1120 412 1143 cum
443 1107 605 1143 caduceo
622 1109 745 1143 mittit
764 1133 772 1141 .
803 1109 882 1168 Qui
912 1106 976 1143 ubi
1006 1108 1052 1143 ad
1071 1121 1186 1145 naves
1216 1106 1285 1142 ad·

124 1157 374 1195 versariorum
397 1163 569 1208 pervenit
587 1183 600 1204 ‚
629 1159 827 1209 epistolam
846 1158 1044 1197 ostendens
1063 1185 1076 1205 ,
1106 1160 1142 1198 se
1158 1173 1283 1209 regem

123 1210 307 1260 profeffus
337 1211 386 1249 est
406 1226 566 1262 quaerere
583 1239 591 1246 .
623 1213 762 1248 Statim
794 1214 841 1250 nd
873 1211 1082 1249 Eumenem
1102 1213 1284 1250 dedu-Slus

121 1263 295 1315 est3quod
315 1279 425 1301 nemo
441 1265 640 1302 dubitabat
658 1266 810 1315 aliquid
827 1267 872 1302 de
889 1280 979 1316 pace
996 1265 1067 1303 effe
1086 1265 1281 1317 scriptum.

123 1316 366 1355 Tabellarius
383 1320 488 1355 ducis
506 1332 604 1355 nave
622 1318 813 1355 declarata
835 1318 908 1356 suis
925 1343 938 1364 ,
965 1320 1096 1356 eodem
1115 1321 1213 1358 unde
1227 1327 1285 1358 ‘ie-

122 1384 178 1409 rat
197 1396 209 1416 ‚
240 1369 276 1408 se
291 1376 432 1422 recepit
452 1399 460 1406 .
492 1372 548 1409 At
567 1371 757 1409 Eumenes
777 1371 899 1410 soluta
917 1372 1077 1423 epistola
1110 1374 1208 1411 nihil
1239 1377 1280 1410 in

118 1438 161 1462 ea
180 1427 318 1474 reperit
335 1448 348 1469 ‚
379 1425 446 1463 nist
463 1426 563 1476 quod
581 1425 627 1462 ad
660 1426 895 1462 irridendum
927 1440 1012 1463 eum
1045 1430 1250 1477 pertineret
1270 1453 1281 1462 .

118 1476 225 1529 eujus
242 1477 306 1515 etsi
323 1479 485 1516 cauffam
503 1478 715 1516 mirabatur
731 1503 743 1524 ‚
775 1493 896 1530 neque
914 1480 1170 1530 reperiebatur
1186 1505 1198 1525 ‚
1224 1493 1286 1518 ta-

122 1546 208 1569 men
228 1532 404 1582 proelium
437 1532 561 1569 statim
582 1536 824 1570 committere
853 1548 928 1570 non
946 1533 1141 1570 dubitavit
1158 1561 1166 1568 .
1197 1532 1286 1571 Ho-

119 1600 202 1623 rum
219 1588 257 1622 in
275 1585 454 1623 concursu
467 1610 478 1631 ,
497 1585 655 1635 Bithyni
674 1584 913 1624 Hannibalis
930 1599 1114 1637 praecepto
1129 1590 1285 1625 univer-

121 1639 146 1676 si
163 1653 301 1676 navem
321 1637 504 1677 Eumenis
520 1641 746 1677 adoriuntur
763 1667 771 1674 .
802 1641 976 1689 Quorum
1008 1642 1086 1677 vim
1103 1655 1188 1677 cum
1218 1653 1284 1678 rex:

121 1691 300 1730 sustinere
315 1707 390 1729 non
415 1693 533 1743 posset
551 1718 564 1738 ,
593 1693 682 1744 fuga
702 1692 862 1730 salutem
881 1696 995 1744 petiit
1015 1708 1022 1730 :
1053 1707 1166 1745 quam
1192 1709 1285 1732 con-

120 1744 266 1784 secutus
282 1759 358 1783 non
376 1747 465 1784 effet
483 1771 496 1792 ,
526 1746 594 1784 nist
612 1750 709 1784 intra
728 1746 790 1783 sua
808 1747 971 1797 praefidia
1000 1745 1036 1784 se
1051 1748 1248 1797 recepisset
1265 1771 1280 1794 ‚

121 1813 198 1850 quae
215 1803 253 1836 in
271 1803 447 1850 proximo
465 1802 578 1837 litore
594 1813 702 1838 erant
732 1801 922 1838 collocata
944 1827 952 1836 .
982 1799 1161 1851 Reliquae
1193 1800 1285 1838 Per-

119 1867 284 1904 gamenae
302 1868 418 1891 naves
440 1869 524 1891 cum
542 1853 775 1891 adversarios
792 1867 1006 1905 premerent
1037 1858 1160 1891 acrius
1180 1878 1190 1897 ,
1221 1868 1280 1890 re-

118 1919 235 1956 pente
266 1910 303 1944 in
336 1921 397 1944 eas
416 1907 502 1945 vasa
521 1907 655 1944 {milia
672 1909 717 1944 de
735 1907 871 1958 quibus
905 1907 1011 1957 supra
1044 1910 1281 1944 mentionem

119 1959 279 1997 fecimus
296 1984 309 2006 ,
337 1962 476 2011 conjici
508 1973 628 2010 coepta
660 1961 745 1998 sunt
764 1975 771 1997 :
802 1975 880 2012 quae
895 1961 993 2011 jaSta
1025 1963 1140 1998 initio
1166 1960 1281 1998 risum

120 2013 378 2066 pugnantibus
395 2017 609 2053 excitarunt
630 2028 643 2059 5
673 2028 794 2064 neque
811 2039 824 2061 ‚
854 2028 968 2064 quare
987 2014 1023 2050 id
1050 2013 1154 2051 fieret
1173 2038 1185 2058 ,
1215 2027 1284 2063 po-

1128 2078 1228 2105 terat
