1714 2719
510 171 559 202 24
668 146 1039 196 CORNELII
1095 148 1408 196 NEPOTIS

458 239 611 278 classem
630 238 821 276 devie'tam
837 241 937 288 cepit
955 265 964 273 .
995 238 1202 288 eodemque
1217 239 1278 276 die
1293 239 1375 288 pari
1394 236 1546 279 fortuna
1577 245 1618 281 in

459 306 555 331 terra
575 291 659 329 usus
677 291 727 328 est
744 319 752 327 .
784 305 948 342 namque
963 289 1124 328 hostium
1143 291 1306 328 navibus
1323 294 1445 341 captis
1462 317 1475 338 ,
1491 293 1617 334 statim

459 360 504 383 ex
522 345 635 384 classe
651 348 779 395 copias
797 344 879 382 suas
896 345 1026 382 eduxit
1045 369 1057 390 ,
1086 343 1330 381 barbarorum
1349 359 1424 381 uno
1439 349 1619 386 concursu

460 403 671 439 maximam
690 401 767 435 vim
799 397 1003 448 prostravit
1019 423 1029 433 .
1060 400 1146 459 Qia
1164 397 1322 435 vidioria
1342 411 1480 449 magna
1498 402 1620 451 praeda

459 456 607 506 potitus
624 466 708 489 cum
725 453 879 488 domum
896 463 1149 488 reverteretur
1164 474 1177 495 ,
1207 452 1305 500 quod
1322 453 1399 502 jam
1425 454 1621 490 nonnullae
1672 461 1675 464 '

461 505 592 544 insulae
610 530 622 550 ,
652 518 806 555 propter
821 504 1070 541 acerbitatem
1089 506 1240 554 imperii
1258 527 1271 550 ,
1292 504 1509 544 defecerant
1527 531 1540 552 ‚
1558 507 1621 544 be-

462 574 509 598 ne
526 561 713 596 animatas
731 557 975 595 confirmavit
993 581 1005 602 ‚
1033 557 1222 594 alienatas
1239 558 1286 594 ad
1301 558 1467 595 officium
1498 561 1622 598 redire
1676 583 1678 586 >

459 616 587 663 coegit
605 640 614 648 .
645 613 801 660 Scyrum
819 635 832 655 ,
863 624 977 661 quam
1007 624 1051 646 eo
1081 622 1251 660 tempore
1280 609 1456 662 Dolopes
1476 613 1622 650 incole-
1672 633 1675 653 5

459 667 555 703 bant
574 691 586 711 ‚
615 665 715 715 quod
732 666 995 701 contumacius
1011 661 1047 698 se
1063 664 1219 713 gesserat
1237 687 1249 708 3
1280 664 1491 702 vacuefecit
1510 681 1518 703 :
1549 665 1622 702 ses-

460 719 560 757 sores
578 730 722 755 veteres
738 717 830 753 urbe
846 716 1046 766 insulaque
1061 717 1171 766 ejecit
1190 731 1197 752 z
1227 729 1337 766 agros
1353 718 1502 756 civibus
1519 720 1623 756 divi-
1673 754 1675 758 Α

462 773 506 809 sit
525 799 533 807 .
554 770 710 808 Thasios
726 771 925 819 opulentia
942 768 1062 806 fretos
1075 792 1088 813 ,
1105 768 1169 806 suo
1185 767 1353 806 ad‘ventu
1370 769 1485 821 fregit
1502 798 1511 807 .
1543 771 1621 809 His

459 839 481 864 e
496 824 687 862 manubiis
704 823 946 860 Athenarum
961 836 1026 859 arx
1045 846 1059 869 ,
1088 836 1159 873 qua
1177 823 1224 859 ad
1250 823 1448 861 meridiem
1464 827 1588 877 vergit
1605 848 1622 872 ‚
1672 851 1676 871 ν,

458 878 511 917 ost
527 890 660 916 ornata
679 904 689 914 .
1674 908 1675 912 ,

514 931 585 968 III.
613 931 766 994 Qibus
782 930 891 968 rebus
906 945 989 968 cum
1007 944 1102 967 unus
1119 933 1158 966 in
1189 931 1351 968 civitate
1365 934 1536 969 maxime
1553 932 1624 969 flo-
1674 922 1680 961 ',

460 997 560 1023 reret
578 1009 590 1030 ‚
621 986 758 1022 incidit
775 987 814 1021 in
831 985 1002 1021 eamdem
1020 984 1207 1020 invidiam
1225 997 1337 1035 quam
1368 997 1477 1033 pater
1505 984 1589 1022 suus
1607 1008 1623 1031 9

463 1043 655 1089 ceterique
671 1038 964 1075 Atheniensium
981 1040 1172 1086 principes
1192 1064 1200 1071 .
1231 1050 1319 1073 nam
1336 1036 1515 1074 testarum
1545 1037 1626 1074 suf-
1674 1041 1676 1048 '

448 1092 595 1143 ,fragiis
607 1116 620 1138 ,
638 1092 738 1142 quod
755 1091 816 1126 illi
833 1090 1090 1127 ostracismum
1107 1101 1247 1126 vocant
1259 1113 1272 1135 ,
1288 1090 1418 1127 decem
1434 1103 1623 1128 annorum
1672 1095 1677 1122 ἵ

464 1146 598 1183 exsilio
617 1145 804 1182 multatus
821 1143 871 1180 est
889 1171 897 1179 .
927 1143 1049 1194 Cujus
1067 1142 1158 1179 faeii
1189 1143 1349 1180 celerius
1365 1142 1623 1180 Athenienses

462 1214 578 1250 quam
596 1198 717 1249 ipsum
748 1200 929 1248 poenituit
946 1224 955 1233 .
985 1210 1075 1233 nam
1106 1210 1191 1233 cum
1221 1196 1290 1232 ille
1306 1195 1399 1233 forti
1415 1199 1545 1234 animo
1560 1199 1621 1232 in-
1674 1221 1676 1236 2

463 1253 575 1290 vidiae
592 1255 829 1303 ingratorum
846 1253 991 1288 civium
1008 1249 1162 1287 cessisset
1179 1274 1192 1295 ,
1210 1248 1430 1300 bellumque
1447 1248 1624 1288 Lacedae-
1673 1268 1677 1282 a

459 1309 585 1343 monii
602 1303 900 1343 Atheniensibus
917 1303 1140 1340 indixissent
1157 1326 1170 1347 ,
1199 1301 1399 1339 confestim
1417 1315 1514 1340 notae
1542 1305 1623 1354 ejus
1673 1333 1678 1340 .

463 1362 624 1398 virtutis
642 1359 865 1396 desiderium
881 1356 1124 1394 consecutum
1142 1354 1192 1392 est
1205 1383 1213 1390 .
1231 1354 1367 1406 Itaque
1382 1355 1462 1406 post
1478 1370 1622 1393 annum

465 1416 644 1464 quintum
662 1426 736 1463 quo
753 1409 931 1460 expulsus
947 1422 1027 1447 erat
1044 1435 1056 1456 ,
1087 1412 1127 1445 in
1143 1411 1308 1458 patriam
1328 1421 1527 1447 revocatus
1543 1409 1593 1447 est
1610 1437 1620 1445 .

463 1466 539 1503 Ille
556 1466 655 1516 quod
686 1464 853 1514 hospitio
871 1464 1245 1501 Lacedaemoniorum
1270 1461 1447 1500 utebatur
1464 1487 1477 1509 3
1506 1462 1624 1500 satius

461 1518 685 1557 existimans
701 1517 930 1556 contendere
959 1516 1268 1554 Lacedaemonem
1287 1539 1299 1558 ‚
1329 1514 1391 1552 sua
1422 1516 1556 1566 sponte
1571 1515 1623 1554 est

462 1571 654 1623 profe&us
672 1596 684 1617 3
703 1584 910 1622 pacemque
925 1573 1026 1607 inter
1041 1571 1133 1607 duas
1150 1568 1427 1619 potentissimas
1443 1571 1622 1607 civitates

461 1626 689 1664 conciliavit
706 1652 714 1661 .
747 1623 831 1662 Post
848 1638 970 1675 neque
987 1627 1039 1661 ita
1056 1623 1181 1660 multo
1198 1625 1237 1658 in
1262 1621 1436 1672 Cyprum
1453 1637 1538 1660 cum
1553 1624 1624 1660 du-
1675 1657 1678 1664 ,

463 1682 585 1718 centis
616 1678 779 1715 navibus
812 1680 1018 1728 imperator
1034 1676 1164 1714 missus
1181 1699 1194 1721 ,
1224 1689 1308 1724 qum
1341 1677 1420 1726 ejus
1438 1678 1622 1726 majorem

461 1744 608 1783 partem
628 1731 755 1768 insulae
771 1730 969 1768 devicisset
987 1755 1000 1776 ,
1023 1734 1061 1766 in
1080 1729 1254 1767 morbum
1272 1730 1482 1780 implicitus
1499 1733 1538 1766 in
1555 1742 1624 1780 op-
1674 1761 1677 1767 .

459 1787 550 1837 pido
566 1785 676 1822 Citio
692 1784 741 1821 est
758 1796 929 1821 mortuus
946 1812 954 1820 .

515 1837 586 1875 IV.
617 1837 735 1875 Hunc
753 1836 1007 1875 Athenienses
1039 1851 1113 1875 non
1131 1836 1253 1874 solum
1272 1838 1309 1872 in
1328 1835 1431 1873 bello
1447 1859 1461 1882 ,
1490 1832 1551 1874 sed
1580 1838 1621 1874 in
1674 1844 1678 1886 ᾖ

463 1906 555 1943 pace
570 1893 636 1929 diu
653 1892 956 1929 desideraverunt
975 1918 982 1926 .
1014 1890 1103 1928 Fuit
1120 1895 1221 1927 enim
1238 1901 1347 1926 tanta
1366 1889 1622 1935 liberalitate,

461 1960 547 1983 cum
565 1945 823 1995 compluribus
856 1945 950 1982 locis
967 1946 1102 1994 praedia
1135 1943 1337 1993 hortosque
1366 1943 1520 1980 haberet
1537 1967 1550 1989 ‚
1578 1955 1624 1980 ut

461 2013 669 2049 numquam
701 2002 753 2036 eis
783 1997 973 2036 custodem
1005 1997 1226 2048 imposuerit
1265 1996 1407 2034 mustus
1446 1995 1622 2034 servandi

460 2056 584 2104 gratia
605 2076 619 2099 ‚
649 2066 696 2092 ne
725 2055 808 2104 quis
840 2053 1088 2105 impediretur
1118 2066 1192 2103 quo
1217 2052 1344 2090 minus
1374 2050 1453 2102 ejus
1482 2049 1590 2087 rebus
1606 2071 1624 2095 5
1674 2050 1678 2061 ⁴

1483 2116 1572 2155 qul-
