1714 2719
305 147 964 196 MILTIADEs.1.
1140 162 1166 202 9

59 250 131 288 que
146 236 403 274 committeret
419 260 428 269 .
458 229 565 268 Idem
581 230 651 268 ilie
666 230 828 282 populus
842 251 857 274 3
873 227 1116 280 posteaquam
1133 240 1219 266 ma-

56 292 116 342 jus
133 291 334 340 imperium
362 285 413 325 est
441 284 573 322 melus
589 308 602 330 ‚
633 285 668 320 &
687 283 894 334 largitione
922 281 1215 333 magistratuum

56 356 255 394 corruptus
283 341 335 380 est
366 364 379 387 ,
407 350 594 378 trecentas
624 335 766 375 statuas
793 334 1000 374 Demetrio
1030 335 1216 375 Phalereo

60 398 229 434 decrevit
244 423 254 431 .

112 448 202 487 Vll.
231 445 316 486 Post
333 447 403 486 hoe
417 446 593 498 proelium
610 443 763 483 classem
786 442 1026 497 septuaginta
1055 446 1217 482 navium

60 500 315 542 Athenienses
330 502 452 539 eidem
469 499 651 537 Miltiadi
667 499 850 536 dederunt
865 523 882 545 ‚
910 511 952 536 ut
972 497 1116 536 insulas
1134 509 1216 547 quae

62 556 236 596 barbaros
253 556 476 605 adjuverant
494 577 506 598 ‚
536 552 638 590 bello
654 551 936 603 persequeretur
952 579 961 588 .
993 566 1066 603 quo
1091 554 1218 599 irnpe-

62 613 121 647 rio
138 607 332 660 plerasque
347 608 394 645 ad
423 608 586 644 officium
603 607 723 644 redire
751 608 878 657 coe⁰git
895 630 908 652 ,
936 604 1144 643 nonnullas
1172 605 1217 642 vi

57 665 293 713 expugnavit
305 689 313 697 .
334 660 391 698 Ex
409 661 469 699 his
486 659 621 697 Parum
640 659 800 696 insulam
817 660 952 710 opibus
969 660 1111 696 elatam
1126 669 1216 696 cum

59 719 232 754 oratione
248 715 494 752 reconciliare
510 728 585 751 non
603 713 719 763 poss'et
738 736 751 759 ,
768 717 896 763 copias
912 727 931 750 e
947 712 1109 750 navibus
1123 713 1218 750 edu-

61 771 119 807 xit
137 793 152 814 ‚
179 768 307 806 urbem
324 768 498 818 operibus
515 766 644 804 claufit
661 790 674 809 ‚
703 770 882 817 omnique
905 778 1120 804 commeatu
1134 767 1219 817 pri-

61 825 169 860 vavit
187 836 194 859 :
224 822 361 860 deinde
378 824 501 859 vineis
518 834 559 858 ac
576 819 824 857 testudinibus
849 819 1065 858 constitutis
1081 842 1096 866 ‚
1124 832 1215 870 pro-

60 879 145 927 pius
161 889 285 912 muros
301 874 445 912 acceffit
462 901 470 908 .
500 873 599 910 Cum
615 875 691 924 jam
710 877 747 911 in
764 888 809 911 eo
824 873 913 911 effet
931 887 970 911 ut
986 874 1127 924 oppido
1144 886 1216 923 po-

58 932 195 966 tiretur
211 951 224 973 ,
253 927 384 978 procui
403 930 440 965 in
457 929 672 964 continenti
700 926 808 964 lucus
825 929 950 977 quiex
981 927 1105 964 insula
1121 940 1215 964 con.-

57 980 284 1031 spiciebatur
300 1002 313 1024 ‚
342 979 466 1016 nescio
480 993 555 1030 quo
571 978 655 1016 casu
669 1002 681 1024 ‚
699 979 882 1017 noenu-no
898 992 1067 1029 tempore
1082 983 1215 1017 incen-

59 1037 118 1072 i'us
135 1033 184 1071 est
200 1061 209 1069 .
239 1035 343 1084 cujus
358 1033 507 1070 flamma
527 1045 568 1069 ut
583 1032 630 1069 ab
654 1033 856 1082 oppidanis
872 1033 908 1069 &
937 1035 1219 1084 oppugnatoris

62 1087 128 1126 bus
157 1085 206 1124 cst
225 1086 301 1124 visa
319 1110 332 1132 ,
361 1084 528 1136 utrisque
546 1088 651 1123 venit
681 1089 720 1122 in
737 1088 956 1136 opinionem
973 1110 986 1133 ‚
1015 1086 1158 1137 signum
1186 1100 1210 1124 a

59 1140 251 1179 classiariis
267 1142 378 1192 regiis
393 1140 525 1178 datum
543 1166 552 1174 .
570 1140 659 1189 Quo
675 1137 817 1177 faeium
835 1139 884 1177 est
901 1164 915 1186 ,
932 1151 973 1178 ut
991 1138 1093 1178 Parii
1107 1155 1128 1177 a
1146 1141 1215 1177 de·

61 1194 497 1232 ditionedeterrerentur
513 1218 527 1240 ,
555 1194 590 1230 &
606 1192 811 1231 Miltiades
828 1217 842 1239 ‚
870 1196 1010 1232 timens
1027 1208 1073 1231 ne
1087 1193 1210 1234 classis

57 1251 159 1298 regia
189 1248 410 1284 adventaret
428 1271 441 1292 ,
471 1246 628 1284 incensis
657 1247 833 1297 operibus
850 1271 863 1293 ,
893 1261 970 1299 quae
1000 1246 1178 1285 statuerat
1195 1270 1212 1293 ,

57 1315 141 1338 cum
172 1301 332 1339 totidem
363 1300 523 1337 navibus
552 1312 664 1352 atque
680 1312 759 1337 erat
785 1301 974 1351 proi‘eeius
990 1325 1004 1347 ,
1033 1300 1212 1338 Athenas

59 1368 193 1405 magna
211 1368 293 1392 cum
310 1353 511 1392 offensione
526 1357 668 1392 civium
687 1353 835 1391 suorum
853 1356 989 1393 rediret
1002 1382 1011 1390 .
1041 1353 1212 1392 Accusa-

57 1420 120 1446 tus
147 1421 234 1459 ergo
266 1408 491 1458 proditionis
511 1421 522 1453 3
552 1409 651 1459 quod
667 1431 681 1453 ‚
709 1421 792 1445 cum
824 1408 962 1446 Parum
993 1422 1212 1459 expugnare

60 1461 175 1512 posset
190 1485 204 1507 ‚
239 1475 259 1498 a
277 1475 360 1513 rege
374 1474 567 1512 corruptus
586 1460 738 1499 infestis
754 1461 863 1500 rebus
879 1476 898 1500 a
930 1474 1054 1514 pugna
1072 1461 1209 1500 disces-

58 1513 157 1553 slffet
172 1541 183 1550 .
211 1512 270 1552 Eo
286 1528 452 1567 tempore
466 1528 558 1566 aeger
573 1527 651 1552 erat
669 1515 888 1554 vulneribus
906 1540 920 1563 ,
937 1530 1014 1567 quae
1029 1518 1068 1552 in
1088 1529 1209 1567 oppu-

58 1568 209 1619 gnando
223 1569 362 1618 oppido
376 1581 567 1619 acceperat
585 1596 592 1604 .
623 1567 758 1620 Itaque
775 1573 957 1620 quoniam
979 1568 1057 1621 ipse
1072 1584 1139 1621 pro
1169 1568 1208 1607 se

58 1621 181 1658 dicere
196 1636 270 1658 non
288 1621 404 1672 poffet
419 1646 432 1668 ,
462 1623 571 1660 verba
590 1636 656 1672 pro
675 1637 719 1660 eo
749 1622 839 1660 fecit
869 1622 983 1661 frater
999 1624 1078 1673 ejus
1097 1622 1210 1660 'I'isa-

57 1688 165 1726 goras
180 1701 190 1710 .
220 1674 355 1712 Caussa
373 1678 538 1727 cognita,
554 1679 689 1728 eapitis
704 1676 918 1723 absolutus,
933 1679 1091 1727 pecunia
1107 1677 1211 1714 mul-

54 1739 156 1766 tatus
172 1727 222 1764 est
234 1752 247 1774 ,
277 1742 393 1779 eaque
409 1730 455 1766 lis
472 1733 746 1781 quinquaginta
766 1731 925 1768 talentis
942 1730 1116 1767 aestimata
1135 1729 1206 1777 est,

56 1793 218 1832 quantus
247 1783 285 1818 in
314 1782 465 1820 claffcm
495 1782 634 1821 sumtus
663 1782 784 1821 faRus
815 1796 893 1822 crat
910 1811 919 1820 .
950 1781 1065 1822 Hanc
1093 1797 1208 1834 pecu-

53 1837 157 1872 niam
174 1836 270 1885 quod
289 1834 432 1873 solvere
449 1851 523 1873 non
539 1849 700 1887 poterat,
718 1840 756 1874 in
777 1837 929 1877 vincula
946 1837 1097 1889 publica
1115 1851 1208 1875 con-

50 1887 169 1938 jeeius
195 1887 244 1925 est
262 1912 274 1934 ‚
305 1890 432 1940 ibique
446 1891 546 1927 diem
563 1890 657 1927 obiit
674 1890 886 1941 supremum
903 1919 911 1927 .

107 1939 214 1978 VIII.
244 1940 324 1980 Hic
339 1942 402 1980 etsi
431 1946 589 1980 crimine
618 1943 727 1981 Pario
756 1944 806 1982 est
823 1943 1015 1983 accusatus
1032 1968 1045 1990 ‚
1074 1955 1204 1981 tamen

50 1993 127 2032 alia
145 1993 216 2031 suit
233 1995 355 2034 cauisa
367 1996 625 2036 damnationis
637 2025 644 2033 .
657 1997 836 2049 Namque
846 1997 1100 2036 Athenienses
1118 2011 1206 2048 proq

47 2058 132 2100 Qter
145 2047 325 2091 Pisistrati
340 2051 582 2101 tyrannidem
599 2075 613 2099 2
642 2065 720 2103 quae
736 2055 865 2103 paucis
889 2054 1000 2101 annis
1015 2063 1105 2093 ante
1121 2050 1206 2095 fue·-

1058 2119 1115 2146 rat
1133 2131 1148 2155 ,
