1714 2719
231 191 772 234 AGEs11„Aus.
859 192 1023 233 xvn.
1109 207 1156 241 77

50 281 215 331 essetque
233 278 308 316 fine
326 278 444 313 muris
474 276 657 325 oppidum
678 298 692 322 ‚
722 275 840 312 talem
871 275 908 313 se
940 279 1208 326 imperatorem

52 335 241 388 praebut't,>
267 340 308 368 ut
324 343 370 367 eo
383 341 554 378 tempore
587 329 763 366 omuibus
779 333 996 378 apparuerit
1015 354 1027 375 ,
1059 331 1124 367 nisi
1145 331 1214 368 illc

53 387 180 426 suiffct
195 410 209 432 ,
237 385 408 435 Spartam
425 381 591 419 suturam
623 396 697 418 non
730 380 843 418 fuill'e
860 409 868 416 .
900 380 942 418 In
963 398 1038 434 quo
1056 384 1211 435 quidem

53 441 270 481 discrimine
283 436 459 475 celeritas
475 437 554 486 ejus
584 435 732 473 consilii
759 434 873 472 saluti
906 434 980 473 suit
1003 437 1186 475 universis
1203 465 1213 474 .

54 494 158 535 Nam
171 504 253 531 cum
270 490 424 540 quidam
454 487 731 526 adolescentuli
749 487 908 526 hostium
940 491 1108 528 adventu
1128 505 1211 540 pcr-

56 548 179 588 teeriti
195 545 241 582 ad
262 543 464 581 Thebanos
481 541 719 593 transfugere
737 542 883 580 vellent
903 567 915 590 ,
945 544 978 580 ὅ(
999 544 1122 581 locum
1144 558 1214 582 ex·-

56 614 112 641 tn
129 599 255 637 urbem
274 597 420 635 editum
436 595 645 646 cepiss'cnt3
679 594 876 647 Agesilaus
895 621 908 642 ,
938 600 1002 648 qui
1022 601 1215 648 pernicio-

56 653 226 693 fiffimum
242 651 323 688 fore
340 651 484 686 videret
503 673 516 693 ‚
546 649 568 686 fi
586 649 894 687 animadversum
929 650 1019 688 ess'ct
1038 676 1050 696 ‚
1081 665 1214 702 quem-

55 720 168 760 quam
184 706 231 743 ad
249 703 370 742 hostes
387 703 624 755 transfugere
639 706 767 741 conari
787 728 799 748 ,
829 719 914 742 cum
932 704 1006 741 suis
1023 719 1068 742 eo
1087 709 1212 751 venit,

54 773 170 812 atque
188 783 201 805 ‚
230 770 270 795 ut
287 757 311 795 si
330 758 430 794 bono
443 759 574 793 animo
590 755 763 794 fecissent
780 781 792 801 ,
824 758 998 795 laudavit
1015 759 1215 797 confilium

56 827 186 852 eorum
204 836 217 857 ,
245 811 344 863 quod
361 824 444 848 cum
464 811 587 847 locum
605 810 845 861 occupassent
863 827 870 848 :
902 814 937 848 &
955 812 991 849 se
1008 827 1158 864 quoque
1176 814 1213 850 id

58 868 141 906 fieri
156 866 290 904 debere
305 888 318 909 ,
333 863 644 901 animadvertisse
659 891 668 900 .
700 865 760 902 Sic
775 865 1082 904 adolescentulos
1101 866 1214 904 simu-

60 923 137 959 lata
155 919 374 957 laudatione
391 920 628 967 recuperavit
645 941 658 962 ‚
684 918 720 954 &
735 918 925 968 adjuuefis
942 921 988 957 de
1006 919 1079 957 suis
1100 923 1221 958 comi-

60 974 161 1012 tibus
176 996 190 1018 ,
219 971 343 1008 locum
361 982 485 1007 tutum
503 971 661 1022 reliquit
677 999 685 1007 .
718 971 897 1023 Namque
915 973 976 1009 illi
1007 973 1118 1011 ειυέὶο
1151 988 1224 1011 nu-

58 1040 161 1065 mero
175 1038 302 1063 eorum
320 1026 384 1074 qui
401 1035 575 1074 expertes
591 1037 700 1061 erant
715 1025 863 1062 consilii
884 1051 896 1071 ,
923 1041 1165 1064 commovere
1182 1027 1219 1064 se

59 1094 133 1118 non
149 1077 232 1116 sunt
248 1077 353 1122 ausi,
381 1091 501 1127 eoque
532 1077 744 1124 libentius,
773 1080 875 1129 quod
905 1080 1026 1118 latere
1061 1081 1225 1118 arbitra-

62 1134 198 1172 bantur
211 1144 289 1183 quae
305 1133 518 1181 cogitarant
535 1159 544 1166 .

114 1183 203 1223 Vll.
232 1185 452 1222 Sint-dubio
480 1183 560 1234 post
578 1183 816 1224 LeuAElricam
850 1201 1015 1240 pugnam
1043 1186 1222 1226 Lacedae-

62 1241 181 1278 monii
197 1237 233 1276 se
248 1251 457 1288 numquam
489 1238 702 1276 refecerunt
718 1263 731 1284 ,
761 1255 883 1292 neque
916 1241 1116 1292 pristinum
1150 1245 1223 1278 im·

63 1295 207 1345 perium
223 1303 490 1342 recuperarunt
509 1306 518 1328 τ
547 1306 632 1329 cum
664 1295 820 1330 interim
838 1294 1038 1345 Agesilaus
1055 1310 1130 1333 non
1159 1297 1225 1332 de-

62 1347 159 1384 stitit
174 1370 189 1392 ,
218 1344 515 1397 quibuscumque
544 1345 653 1383 rebus
685 1345 806 1396 posset
827 1371 839 1392 ,
869 1352 1030 1398 patriam
1058 1351 1192 1400 juvare
1214 1378 1224 1386 .

63 1399 166 1439 Nam
183 1413 266 1437 curn
283 1402 464 1450 praecipue
481 1397 759 1437 Lacedaemonii
790 1402 1006 1452 indigerent
1036 1407 1193 1454 pecunia
1212 1427 1227 1449 ,

66 1455 135 1491 ille
150 1453 324 1490 omnibus
341 1455 405 1503 qui
421 1466 440 1488 a
471 1465 557 1504 rege
585 1446 812 1491 defecerant·
833 1479 846 1500 ,
876 1456 1042 1506 praesidio
1072 1456 1147 1494 fuit
1165 1484 1174 1492 .
1204 1471 1225 1494 a

68 1507 203 1560 quibus
219 1519 354 1557 magna
374 1507 537 1543 donatus
561 1510 720 1557 pecunia
739 1532 752 1552 ,
784 1511 946 1558 patriam
981 1509 1201 1548 sublevavit
1218 1538 1227 1546 .

73 1560 205 1612 Atque
222 1562 258 1596 in
276 1559 346 1597 hoc
363 1560 460 1597 illud
478 1561 515 1596 in
532 1563 665 1610 primis
684 1561 759 1598 fuit
776 1563 1004 1601 admirabile
1017 1588 1030 1609 ‚
1049 1578 1132 1601 cum
1150 1578 1232 1601 ma-

69 1619 171 1651 xima
188 1626 342 1650 munera
360 1616 394 1650 ei
409 1612 456 1650 ab
473 1614 621 1665 regibus
640 1616 676 1651 &
693 1615 863 1664 dynastis
878 1641 892 1658 ‚
927 1617 1230 1669 civitatibusque

69 1666 332 1706 conferrentur
349 1691 362 1711 ,
382 1667 478 1704 nihil
496 1681 674 1719 nmquam
694 1672 731 1705 in
749 1669 904 1707 domum
923 1670 1024 1707 suam
1042 1672 1227 1717 contulit,

70 1721 168 1758 nihil
187 1720 232 1757 de
264 1720 366 1757 vista
384 1744 398 1765 ‚
428 1720 525 1758 nihil
554 1722 601 1759 de
630 1721 770 1760 vestitu
808 1722 1003 1761 Laconum
1033 1729 1201 1762 mutavit
1219 1753 1230 1761 .

73 1773 205 1812 Domo
221 1775 351 1811 eadem
370 1773 444 1811 fuit
462 1787 663 1813 contentus
680 1790 751 1828 qua
786 1776 1043 1826 Eurysthenes
1061 1804 1073 1825 ‚
1103 1793 1236 1830 proge-

73 1831 176 1865 nitor
190 1829 376 1878 majorum
397 1827 545 1866 suorum
563 1853 577 1874 ‚
604 1828 728 1867 fuerat
746 1829 831 1868 usus
850 1846 857 1867 :
888 1846 1002 1882 quam
1020 1835 1086 1884 qui
1118 1835 1238 1869 intra-

77 1893 132 1918 rat
150 1905 163 1925 ‚
191 1881 342 1918 nullum
361 1882 503 1933 signum
521 1882 698 1921 libidinis
717 1908 729 1928 ,
759 1885 911 1923 nullum
929 1886 1089 1924 luxuriae
1106 1887 1238 1924 videre

73 1947 223 1986 poterat
246 1947 403 1972 :contra
423 1936 587 1985 plurima
606 1940 800 1988 patientiae
817 1962 830 1984 ‚
850 1950 965 1990 atque
980 1939 1238 1977 abstinentiae.

75 1989 135 2026 Sic
150 1991 251 2026 enim
269 2002 348 2026 erat
366 1989 546 2026 instruffli
569 2014 582 2036 ,
601 2003 642 2028 ut
659 1991 764 2028 nulla
784 1995 821 2029 in
840 2006 879 2030 re
894 1994 1061 2031 differret
1079 2007 1098 2030 a
1117 1992 1242 2045 cujus·

75 2045 134 2080 vis
161 2044 286 2093 inopis
300 2054 416 2094 atque
432 2046 599 2093 privati.

83 2102 86 2107 '
128 2093 238 2133 VIII.
271 2095 403 2148 Atque
431 2098 492 2135 hic
519 2110 648 2136 tantus
668 2102 728 2137 vir
759 2111 801 2136 ut
832 2112 1007 2138 naturam
1039 2100 1244 2140 fautricem

1121 2156 1189 2191 ha-
