1714 2719
486 161 535 201 86
642 159 1017 200 CORNELII
1072 160 1386 201 NEPOTIS

433 245 518 283 silio
547 265 561 289 ‚
589 241 902 295 celeritatemque
929 241 1135 291 impedivit
1164 242 1244 292 ejus
1268 256 1277 278 ε
1310 237 1439 293 neque'
1464 253 1592 283 tamen

431 297 599 335 multum
628 294 791 347 profecit
809 321 818 330 .
863 294 966 332 Nam
998 295 1146 333 invidia
1176 296 1314 332 ducum
1345 309 1432 333 cum
1456 297 1594 346 quibus

434 361 516 388 erat
534 374 548 395 ‚
574 349 809 400 perfidiaque
827 348 997 385 militum
1015 347 1276 386 Macedonum
1295 360 1563 387 veteranorum
1579 373 1597 398 ‚

430 418 518 442 cum
534 402 702 454 superior
715 402 851 453 proelio
866 400 1079 438 disceffiiset
1095 425 1109 447 ,
1138 400 1342 452 Antigono
1357 401 1408 439 est
1425 403 1594 450 deditus,

431 471 519 496 cum
534 458 724 494 exercitus
739 458 774 492 ei
791 467 847 492 ter
862 466 952 491 ante
968 453 1152 504 separatis
1170 455 1404 505 temporibus
1421 455 1596 506 jurasset,

432 509 470 549 se
486 524 572 548 eum
589 507 848 554 defensurum,
866 521 933 544 nec
950 521 1131 559 umquam
1147 507 1381 546 deserturum
1393 537 1403 546 .
1419 510 1490 547 Sed
1507 512 1597 546 tari-

431 576 472 601 ta
489 563 566 601 suit
597 561 874 600 nonnullorum
892 563 1049 598 virtutis
1065 561 1292 599 obtreEiatio
1309 586 1322 608 ‚
1351 575 1393 600 ut
1421 562 1594 610 fidem‘a-

432 619 589 656 mittere
603 616 769 653 mallent
791 628 904 665 quam
922 627 1007 650 eum
1024 629 1102 652 non
1118 616 1276 665 prodere
1293 643 1302 652 .
1333 614 1466 667 Atque
1494 617 1598 655 hunc

430 670 656 721 Antigonus
673 693 686 714 ,
703 681 787 705 cum
805 670 840 704 ei
855 667 984 704 fuisset
1002 665 1258 705 infestissimus
1275 692 1289 713 ,
1317 669 1569 707 conservaffet
1581 692 1595 716 ,

431 725 457 761 si
476 737 542 776 per
557 722 640 760 suos
657 721 747 759 esset
764 721 916 757 licitum
935 743 949 765 ,
975 720 1076 769 quod
1090 719 1139 757 ab
1154 721 1265 757 nullo
1281 720 1317 757 se
1333 722 1419 771 plus
1434 723 1597 772 adjuva-

428 779 461 814 ri
478 775 581 827 posse
598 773 844 824 intelligebat
864 776 904 809 in
935 773 994 809 his
1023 773 1133 809 rebus
1149 787 1243 823 quas
1273 775 1493 823 impendere
1515 777 1596 824 jam

428 828 636 880 apparebat
651 826 831 865 omnibus
848 852 857 861 .
886 824 1147 863 Imminebant
1164 830 1266 864 enim
1283 827 1461 865 Seleucus
1477 850 1490 873 3
1509 827 1594 878 Ly-

431 882 617 921 simachus
635 905 648 927 ,
666 880 891 918 Ptolemaeus
909 903 922 925 ,
939 879 1075 930 opibus
1090 881 1169 930 jam
1186 881 1361 922 valentes
1378 895 1385 917 :
1403 894 1490 918 cum
1509 885 1598 932 qui·

431 937 500 974 bus
517 938 552 973 ei
571 936 616 972 de
634 934 790 971 summis
807 933 916 970 rebus
933 944 1012 970 erat
1029 934 1290 970 dimicandum
1304 961 1312 968 .
1333 934 1402 970 Sed
1418 948 1495 970 non
1512 933 1598 984 pas-

428 990 456 1028 si
474 989 558 1027 sunt
591 988 631 1025 hi
647 991 712 1038 qui
742 990 839 1024 circa
870 998 978 1023 erant
996 1009 1010 1031 ,
1039 987 1140 1038 quod
1171 987 1354 1024 videbant
1378 1010 1392 1032 9
1421 985 1594 1026 Eumene

427 1055 599 1093 recepto,
615 1054 748 1078 omnes
764 1054 835 1090 prae
851 1040 923 1076 illo
941 1043 1051 1089 parvi
1066 1039 1215 1077 futuros
1233 1067 1241 1075 .
1266 1039 1352 1090 Ipse
1365 1052 1493 1078 autem
1513 1039 1596 1078 An·-

430 1099 589 1147 tigonus
604 1095 700 1131 adeo
715 1105 797 1131 erat
815 1092 989 1130 incensus
1008 1116 1021 1138 ,
1049 1104 1092 1129 ut
1109 1116 1123 1138 ,
1152 1093 1220 1130 nisi
1236 1107 1375 1144 magna
1392 1091 1454 1143 spe
1468 1096 1596 1131 maxi-

429 1162 578 1187 marum
598 1160 723 1185 rerum
740 1170 754 1192 ,
784 1146 899 1183 leniri
915 1159 992 1182 non
1008 1145 1127 1196 posset
1144 1173 1152 1181 .

482 1200 558 1238 XI.
586 1199 723 1250 Itaque
738 1214 823 1237 cum
840 1213 927 1237 eum
944 1201 984 1236 in
1011 1199 1219 1236 custodiam
1236 1199 1395 1237 dedisset
1410 1223 1423 1244 3
1453 1199 1490 1236 &
1505 1212 1599 1250 Ρα-

430 1254 553 1294 seems
569 1252 763 1292 custodum
782 1251 961 1303 quaefiffet
978 1276 991 1298 ‚
1017 1253 1339 1303 quemadmodum
1355 1252 1497 1290 servari
1513 1253 1599 1290 vel-

428 1310 485 1347 let
504 1323 512 1346 ε
542 1319 584 1345 ut
600 1307 828 1345 acerrimum
845 1330 859 1352 ,
888 1308 1016 1356 iuquit
1034 1329 1047 1351 ‚
1078 1306 1229 1343 leonem
1247 1329 1261 1351 ,
1289 1318 1355 1343 aut
1382 1317 1423 1344 ut
1438 1305 1598 1344 ferocis-

430 1363 564 1400 simum
580 1360 830 1411 elephantum
848 1386 857 1394 .
889 1359 1059 1396 nondum
1076 1362 1179 1396 enim
1205 1357 1388 1397 statuerat
1405 1382 1418 1405 ,
1447 1358 1599 1397 conser-

433 1428 540 1453 varet
559 1428 643 1451 eum
661 1437 675 1460 ,
703 1427 773 1451 nec
789 1426 837 1450 ne
853 1440 861 1448 .
891 1410 1086 1449 Veniebat
1101 1423 1228 1449 autem
1258 1413 1306 1449 ad
1321 1411 1535 1450 Eumenem
1551 1426 1604 1450 u··

431 1482 609 1519 numque
625 1480 743 1519 genus
774 1466 975 1503 hominum
991 1488 1005 1512 3
1034 1466 1070 1502 &
1086 1467 1152 1517 qui
1182 1478 1338 1516 propter
1365 1467 1497 1504 odium
1513 1465 1597 1504 fru-

427 1522 532 1561 &cum
548 1521 671 1559 oculis
687 1533 733 1558 ex
750 1521 830 1571 ejus
845 1517 930 1557 casu
947 1531 1078 1569 capere
1096 1518 1245 1557 vellent
1261 1543 1275 1566 ‚
1299 1521 1337 1556 &
1351 1523 1418 1571 qui
1434 1532 1595 1571 propter

429 1589 600 1614 veterem
631 1576 850 1611 amicitiam
880 1572 1053 1624 colloqui
1090 1571 1356 1624 consolarique
1381 1586 1566 1624 cuperent
1581 1601 1592 1612 .

429 1628 549 1666 multi
579 1630 697 1665 etiam
715 1630 780 1678 qui
806 1629 886 1677 ejus
915 1625 1080 1664 formam
1111 1625 1335 1678 cognoscere
1363 1625 1564 1666 studebant
1576 1651 1592 1675 ,

429 1681 558 1733 qualis
574 1680 665 1718 esset
683 1705 695 1726 ,
726 1694 837 1731 quem
868 1680 1016 1716 tamdiu
1032 1691 1189 1731 tamque
1206 1680 1320 1718 valde
1348 1680 1591 1720 timuissent:
1614 1721 1618 1727 .

428 1737 536 1786 cujus
551 1737 591 1771 in
608 1736 778 1784 pernicie
793 1733 951 1783 positam
969 1733 1070 1783 spem
1087 1732 1304 1771 habuissent
1321 1733 1488 1772 vissoriae
1505 1762 1514 1770 .
1531 1733 1592 1773 At

426 1789 622 1826 Eumenes
638 1811 652 1833 ,
680 1801 766 1824 cum
781 1788 925 1823 diutius
942 1789 980 1823 in
998 1787 1166 1825 vinculis
1183 1786 1273 1825 esset
1291 1811 1304 1834 ‚
1329 1791 1383 1825 ait
1398 1788 1593 1826 Onomar-

425 1842 498 1880 cho
515 1864 528 1887 ,
551 1854 667 1894 penes
683 1854 794 1891 quem
813 1839 957 1877 summa
974 1843 1128 1890 imperii
1144 1853 1225 1878 erat
1241 1840 1415 1878 custodiae
1431 1866 1446 1888 ,
1462 1840 1498 1879 se
1514 1844 1590 1879 mi-

426 1898 504 1932 rari
521 1918 535 1941 ,
564 1907 679 1945 quare
693 1896 769 1945 jam
787 1896 943 1930 tertium
960 1894 1062 1930 diem
1080 1893 1128 1932 fic
1142 1905 1360 1932 teneretur:
1390 1909 1466 1933 non
1483 1898 1588 1933 enim

427 1949 500 1986 hoc
528 1948 736 1985 convenire
751 1945 944 1999 Antigoni
974 1948 1181 1998 prudentiae
1198 1971 1212 1993 ,
1239 1959 1281 1985 ut
1307 1947 1355 1986 fic
1369 1949 1588 1986 deuteretut

425 2000 531 2038 viclo
547 2023 561 2046 ‚
589 2003 682 2050 quin
711 2012 778 2037 aut
803 2000 968 2038 interfici
985 2024 998 2047 ,
1027 2013 1093 2039 aut
1122 2000 1275 2039 missum
1303 2001 1385 2039 fieri
1412 2003 1556 2054 juberet
1569 2022 1584 2039 .-

427 2052 510 2093 Hic
528 2068 613 2093 cum
632 2053 793 2095 ferocius
808 2054 1055 2095 Onomarcho
1071 2055 1180 2108 loqui
1197 2056 1390 2097 videretur
1405 2080 1419 2104 ‚
1446 2053 1547 2106 Qid
1557 2051 1581 2092 ἒ

1459 2118 1500 2145 tu
1516 2131 1531 2154 ‚

1705 250 1714 703 „-A»-—·=ss..-*..-

1706 2073 1714 2111 ·—
1706 2020 1714 2043 o:-
1708 1965 1714 1990 μ.
1710 1859 1714 1936 -ῃῌ
