1714 2719
495 171 544 214 78
652 168 1021 208 coRNELu
1064 169 1378 210 NEPOTIS

441 247 625 285 habuerat
645 251 682 284 in
700 247 912 285 tribuendis
928 250 1050 284 animi
1068 249 1275 287 virtutibus
1293 274 1306 296 ,
1325 250 1371 287 sic
1386 250 1598 289 maleficam

440 301 572 339 nae‘J’tus
591 300 640 338 est
661 304 697 337 in
729 314 884 351 corpore
903 315 914 345 3
944 303 1103 352 exiguus
1120 327 1133 348 3
1163 304 1197 339 &
1214 304 1371 340 claudus
1398 303 1520 342 altero
1535 319 1601 355 pe-

438 356 510 393 de.
539 356 632 415 Qae
649 369 705 392 res
726 357 842 391 etiam
860 355 1088 392 nonnullam
1105 357 1285 393 afferebat
1301 356 1599 395 deformitatem:

435 421 551 460 atque
568 410 692 459 ignoti
710 432 722 453 ,
743 407 880 445 faciem
899 410 978 459 ejus
994 423 1078 444 cum
1098 413 1360 456 intuerentur,
1377 424 1602 448 contemne-

437 462 553 500 bant:
576 465 642 514 qui
657 474 786 498 autem
806 464 987 498 virtutem
1005 475 1193 500 noverant
1210 485 1223 508 ,
1246 477 1323 500 non
1338 476 1517 514 poterant
1533 467 1601 501 ad-

435 519 567 553 mirari
586 516 675 553 satis
693 542 701 549 .
732 515 847 564 Quod
864 517 899 551 ei
932 514 998 551 usu
1028 519 1134 552 venit
1163 530 1249 553 cum
1278 530 1465 555 annorum
1495 517 1601 556 οὲἶο·

435 573 542 621 ginta
559 569 722 606 subfidio
742 568 872 605 Thaco
891 570 929 604 in
949 567 1172 619 AEgyptum
1199 569 1325 607 ivisset
1342 594 1357 616 ,
1385 571 1421 607 ὃ(
1445 574 1485 607 in
1515 571 1598 608 aeia

435 637 522 661 cum
539 623 613 660 suis
632 621 862 659 accubuisset
883 645 897 666 ,
926 621 1002 658 sine
1029 622 1109 659 ullo
1127 622 1228 660 teilo
1245 637 1254 659 ε
1285 623 1517 675 stratumque
1533 625 1601 661 ha-

441 677 545 713 beret
563 677 641 713 tale
658 699 671 719 ,
700 686 742 711 ut
759 687 855 711 terra
874 674 972 710 reeta
989 674 1079 711 esset
1104 674 1317 713 stramentis
1334 701 1348 721 ,
1377 691 1500 728 neque
1527 678 1599 715 huc

437 731 605 780 amplius
623 741 736 779 quam
754 727 868 777 pellis
900 727 990 763 esset
1009 727 1146 777 injeSla
1166 742 1173 763 :
1203 729 1411 779 eodemque
1439 735 1600 768 comites

436 797 569 820 omncs
586 780 844 819 accubuissent
861 804 874 825 ,
904 779 1042 816 vestitu
1059 781 1197 817 humili
1212 793 1328 832 atque
1344 782 1515 820 obsoleto
1527 807 1540 830 ,
1556 797 1598 821 ut

434 851 570 874 eorum
589 847 746 872 ornatus
763 848 838 870 non
854 834 969 870 modo
986 836 1024 869 in
1042 833 1101 870 his
1118 847 1243 884 regern
1260 838 1452 873 neminem
1482 837 1598 888 figni-

435 891 563 928 ficaret
581 913 593 934 ‚
625 887 686 926 sed
703 887 870 925 hominis
900 901 976 924 non
1010 887 1210 925 beatiffimi
1239 887 1489 938 suspicionem
1507 904 1599 940 prae-

434 944 537 981 beret
555 971 562 979 .
583 941 713 993 Hujus
734 942 781 978 de
796 941 965 978 adventu
982 940 1083 978 fama
1101 955 1185 978 cum
1204 943 1252 978 ad
1269 946 1390 993 regios
1405 943 1495 982 esset
1511 958 1597 994 per-

435 999 513 1035 lata
533 1021 546 1042 ,
568 997 743 1033 celeriter
759 1008 914 1031 munera
933 1009 976 1031 eo
992 993 1170 1046 cujusque
1184 998 1331 1045 generis
1346 995 1432 1034 sunt
1446 998 1565 1034 allata
1584 1025 1594 1033 .

434 1049 510 1088 His
534 1048 787 1102 quaerentibus
804 1047 1025 1098 Agesilaum
1044 1051 1108 1084 vix
1127 1048 1218 1085 fides
1235 1047 1334 1086 satia
1368 1050 1419 1087 est
1436 1074 1449 1096 ,
1479 1066 1594 1088 unum

436 1106 510 1142 esse
526 1118 570 1142 ex
589 1103 647 1139 his
665 1105 729 1153 qui
747 1115 826 1138 tum
844 1101 1078 1139 accubabant
1095 1129 1103 1137 .
1134 1104 1214 1158 Qi
1231 1116 1315 1139 cum
1332 1107 1428 1154 regis
1445 1105 1570 1141 verbis
1582 1127 1598 1148 ,

432 1172 513 1209 quae
528 1157 742 1195 attulerant
759 1179 772 1202 ,
790 1154 975 1192 dedissent
993 1179 1006 1200 ,
1025 1156 1093 1192 ille
1110 1168 1240 1205 praeter
1257 1157 1422 1194 vitulina
1439 1181 1452 1202 ,
1476 1159 1511 1194 ἃ
1527 1157 1598 1194 hu-

386 1252 391 1260 (
430 1211 594 1263 jusmodi
611 1224 746 1261 genera
778 1208 925 1260 opsonii
945 1223 1023 1260 quae
1051 1208 1209 1258 praesens
1239 1222 1389 1259 tempus
1412 1211 1598 1248 desidera-

433 1267 500 1302 bat
516 1290 529 1311 ,
547 1266 645 1302 nihil
669 1267 816 1314 accepit
834 1291 843 1299 .
873 1274 1064 1313 unguenta
1083 1286 1097 1307 ,
1114 1276 1271 1299 coronas
1288 1287 1300 1308 ,
1319 1262 1595 1316 secundamque

432 1319 603 1356 mensam
621 1318 737 1355 servis
753 1317 944 1367 dispertiit
963 1332 970 1353 ε
988 1329 1109 1353 cetera
1129 1315 1258 1353 referri
1272 1317 1373 1367 juffit
1391 1345 1400 1353 .
1430 1321 1519 1408 (ζὲο
1535 1318 1597 1356 fa-

433 1373 494 1411 θεο
510 1387 595 1410 eum
613 1372 761 1408 barbari
777 1374 899 1422 magis
917 1372 1032 1406 etiam
1050 1369 1331 1406 contemserunt
1349 1395 1361 1416 ,
1392 1385 1467 1422 quo
1510 1387 1604 1419 eunr

434 1428 651 1478 ignorantia
672 1425 852 1462 bonarum
870 1438 992 1461 rerum
1011 1423 1078 1459 illa
1097 1423 1328 1473 potissimum
1346 1423 1508 1462 sumsisse
1535 1440 1597 1463 ar-

433 1479 677 1517 bitrabantur
696 1505 705 1513 .
737 1477 817 1516 Hic
832 1493 916 1516 cum
934 1491 978 1513 ex
1009 1476 1192 1528 AEgypto
1221 1489 1473 1516 reverteretur
1488 1503 1502 1525 ,
1530 1480 1599 1517 do-

430 1546 544 1571 natus
556 1547 576 1570 a
593 1547 677 1583 rege
694 1532 915 1570 Nesianebe
931 1532 1104 1568 ducentis
1122 1532 1262 1581 viginti
1295 1531 1454 1570 talentis
1471 1557 1485 1579 ‚
1515 1547 1595 1584 qua

430 1588 499 1624 ille
515 1590 664 1623 muneri
702 1587 845 1637 populo
875 1585 938 1623 suo
954 1585 1085 1622 daret:
1117 1584 1350 1635 venissetque
1370 1589 1407 1622 in
1440 1599 1592 1637 portum

431 1643 497 1690 qui
514 1641 692 1677 Menelai
713 1652 872 1678 vocatur
888 1664 901 1685 ‚
929 1641 1058 1690 jacens
1091 1640 1190 1676 inter
1217 1638 1390 1688 Cyrenas
1407 1641 1441 1677 ὃ(
1460 1639 1595 1692 AEgy-

431 1707 541 1745 ptum
560 1709 566 1730 :
598 1697 637 1730 in
654 1694 826 1731 morbum
845 1694 1056 1744 implicitus
1068 1692 1215 1730 decessit
1232 1720 1240 1728 .
1271 1692 1427 1730 ibicum
1443 1697 1558 1732 amici
1577 1719 1591 1741 ,

431 1762 506 1798 quo
522 1749 695 1799 Spartam
713 1747 866 1786 facilius
886 1745 1053 1799 perferre
1082 1744 1231 1796 possent
1244 1770 1257 1792 ,
1291 1748 1390 1797 quod
1408 1748 1483 1786 mel
1515 1762 1591 1786 nou

431 1801 622 1839 habebant
641 1825 657 1848 ‚
685 1816 765 1841 cera
783 1800 1108 1840 circumfuderunt
1124 1815 1131 1837 z
1161 1811 1276 1853 atque
1294 1804 1348 1838 ita
1365 1802 1519 1840 domum
1535 1816 1596 1841 re-

434 1855 608 1893 tulerunt
626 1882 636 1890 .

1440 2123 1537 2162 EU-
