1714 2719
519 137 969 177 VARIANTES
1012 138 1464 180 LECTIONES.

570 215 657 255 IN
725 216 1210 258 TIMOTHEO
1265 219 1420 260 XIII.

416 336 474 371 52.
499 337 557 362 22.
577 325 674 362 hanc
689 325 706 375 )
722 325 763 362 id
785 330 813 379 J.
832 325 885 363 A.

493 391 553 426 23.
572 377 719 427 Cotym
735 379 751 428 )
766 375 895 415 Cotum
911 379 942 428 J.

492 444 553 476 25.
574 431 830 470 Ariobarzani
848 433 862 481 )
880 431 1173 479 Ariobarzamum
1192 433 1225 483 J.

498 499 555 533 30.
575 484 717 522 Sestum
735 487 751 535 )
766 485 870 532 Sestae
887 483 939 521 A.

417 550 476 586 53.
526 552 557 575 ι.
577 537 809 577 Laconicam
828 539 843 588 )
860 540 1066 574 Laconicem
1081 542 1118 588 J.

522 606 558 635 4.
578 591 821 629 Athamanas
839 592 853 640 )
871 589 1131 627 Athamantias
1147 590 1178 640 J.

499 659 514 681 1
526 659 556 692 3.
576 645 647 682 hoc
663 647 679 692 )
695 643 735 680 id
746 645 775 695 J.
795 646 897 692 Deest
912 647 951 678 in
967 642 1017 679 A.

496 710 558 744 23.
577 699 611 733 ὃ(
629 708 669 734 ut
685 698 732 734 ad
750 697 896 735 bellum
914 694 1206 746 proficiscatur)
1223 697 1267 740 Θ
1281 697 1333 734 ad
1343 696 1467 735 bellum
1479 700 1588 748 profi*-

576 749 723 798 ciscitur
742 753 772 801 J.
790 751 891 798 Deest
907 761 949 787 ut
966 748 1019 787 A.

499 805 560 841 28.
579 803 681 850 Deest
698 817 825 841 eorum
843 805 874 854 J.
894 802 946 841 A.

496 869 560 904 34.
579 870 618 894 ut
638 857 661 894 fi
681 860 718 894 in
736 858 752 907 )
767 859 870 906 Deest
885 870 926 895 ut
942 855 966 894 fi
984 857 1019 905 J.
1038 857 1140 904 Deest
1156 857 1179 894 fi
1197 856 1248 895 A.

421 921 480 958 54.
526 915 561 947 6.
580 911 643 949 Ob
659 925 741 948 earn
760 926 836 950 rem
854 915 893 949 in
920 913 1062 950 crimen
1081 911 1340 949 vocabantur:
1365 913 1528 964 populus
1547 927 1591 950 a-

578 979 638 1002 cer
655 989 667 1010 ,
697 964 868 1016 suspicax
887 990 900 1011 ,
915 965 1073 1003 mobilis
1090 987 1104 1008 ‚
1128 965 1367 1004 adversarius
1384 990 1397 1012 ,
1430 967 1585 1003 invidus

578 1020 695 1054 etiam
723 1022 903 1068 potentiae
922 1045 934 1065 ‚
966 1020 1120 1055 domum
1152 1032 1305 1057 revocat
1324 1035 1331 1055 :
1362 1019 1588 1057 accusantur

578 1072 812 1120 proditionis
829 1073 843 1120 )
855 1071 1004 1120 populus
1032 1081 1111 1105 acer
1128 1092 1141 1114 ‚
1163 1069 1330 1119 suspicax
1346 1094 1359 1117 ‚
1389 1071 1426 1109 ob
1450 1085 1591 1115 eamque

577 1135 646 1157 rem
660 1122 798 1159 mobilis
817 1149 829 1170 ,
845 1123 1069 1172 adversarius
1086 1145 1098 1166 ,
1113 1121 1260 1159 invidus
1275 1126 1383 1160 etiam
1394 1128 1561 1174 potentiae
1578 1148 1592 1169 ‚

579 1178 619 1210 in
631 1178 762 1212 crimen
776 1176 970 1214 vocabatur
988 1204 995 1211 .
1026 1174 1164 1211 domum
1181 1187 1321 1212 revocat
1338 1201 1352 1222 3
1381 1178 1593 1227 accusantur

576 1227 792 1276 proditionis
805 1234 841 1284 J.
860 1230 911 1269 A.
932 1243 1012 1282 quae
1028 1241 1097 1278 pro
1112 1229 1324 1278 accusantur
1336 1255 1349 1276 ,
1366 1234 1515 1282 reponit
1531 1243 1594 1266 ac-

581 1281 726 1330 cufhtztr
743 1311 752 1319 .

507 1347 563 1372 12.
583 1337 747 1385 populus
779 1360 792 1382 ,
809 1350 895 1374 cum
912 1349 998 1374 eum
1013 1336 1149 1386 judicii
1165 1337 1180 1385 )
1195 1349 1273 1372 cum
1284 1336 1433 1385 populus
1452 1335 1594 1383 judicii

505 1454 566 1483 24·
583 1432 694 1478 Iason
713 1442 728 1489 )
744 1443 860 1492 Lason
874 1443 906 1492 J.
925 1442 976 1479 A.
995 1453 1172 1492 corrupte
1190 1468 1199 1476 .

512 1507 570 1542 31.
589 1498 797 1546 patriaeque
820 1496 979 1545 >patrm
994 1494 1025 1545 J.
1044 1494 1097 1533 A.

624 1600 710 1638 IN
767 1600 1180 1641 DATAME.
1252 1601 1394 1641 XIV.

431 1720 488 1756 55.
538 1721 569 1755 3.
590 1707 821 1746 Prooemium
840 1709 950 1760 hujus
967 1708 1067 1746 Vitae
1085 1712 1122 1745 in
1141 1710 1311 1747 editione
1326 1711 1357 1761 J.
1377 1712 1412 1748 ὃ(
1430 1709 1480 1749 A.
1499 1711 1598 1763 legi-

588 1773 648 1798 tur
665 1765 703 1798 in
721 1763 824 1800 calce
842 1761 942 1800 Vitae
963 1762 1191 1800 Timothei.

538 1816 571 1850 8.
593 1827 743 1852 tantum
762 1830 838 1852 non
855 1830 986 1853 omnes
1003 1817 1017 1864 )
1034 1826 1152 1852 tamen
1166 1829 1278 1853 omnes
1290 1817 1322 1868 J.
1340 1816 1392 1856 A.

468 1911 471 1914 Δ
509 1869 568 1905 18.
585 1867 768 1906 Cadufios
784 1870 799 1917 )
817 1868 987 1916 Gaduſsos
1001 1871 1037 1918 J.

511 1934 568 1969 19.
588 1921 727 1959 multis
742 1922 918 1960 millibus
938 1921 1153 1961 interfessis
1179 1923 1197 1974 )
1224 1924 1350 1961 multis
1368 1923 1526 1961 millibm
1540 1937 1591 1960 re-

582 1976 720 2022 giorum
733 1976 934 2023 interfellis
949 1976 980 2027 J.
999 1976 1050 2014 A.

508 2039 568 2065 21.
587 2029 688 2077 Deest
704 2041 744 2067 ut
759 2028 792 2079 J.
812 2028 863 2067 A.

1392 2093 1449 2130 55·
1474 2096 1534 2129 23·
