1714 2719
369 151 405 192 C
457 151 494 188 O
548 148 587 187 N
643 150 680 187 Ο
735 148 775 187 Ν
793 175 802 185 .
885 146 903 187 1
922 149 973 187 Χ.
1152 163 1201 196 4¹

96 250 167 290 qun
186 239 357 288 proxima
375 231 497 269 aestate
512 243 615 267 mare
630 232 726 266 tueri
744 228 888 280 pulset,
905 242 1141 280 compararet
1158 255 1172 276 ‚
1187 232 1259 269 da·

96 304 137 329 to
153 293 324 341 adjutore
341 284 583 325 Pharnabazo
596 307 610 326 ,
628 282 718 319 sicut
737 282 813 333 ipse
830 284 1003 320 voluerat
1018 311 1026 318 .
1058 282 1099 320 Id
1119 296 1157 321 ut
1177 284 1255 322 La-

96 345 333 382 cedaeinoniis
349 339 399 379 cst
417 341 636 376 nuntiatum
655 360 668 380 ‚
699 350 773 373 non
793 335 867 373 sine
883 351 966 373 cura
987 351 1062 373 reni
1088 338 1258 375 admini-

99 398 257 435 strarunt
275 420 288 441 ‚
317 394 415 446 quod
433 393 554 441 majus
573 389 715 426 bellum
737 392 936 426 imminere
953 390 1254 436 arbitrabantur,

98 465 212 503 quani
230 449 252 487 fi
269 462 352 486 cum
372 445 527 484 barbaro
544 443 664 479 solum
681 443 953 480 contenderent
972 471 979 478 .
1012 457 1099 480 nam
1117 445 1252 481 ducem

98 507 236 542 sortem
253 505 287 539 ὅ(
306 501 529 552 prudentem
548 499 644 547 regis
675 497 811 546 opibus
841 496 1084 546 praesuturum
1105 521 1117 542 ,
1135 511 1176 534 ac
1194 497 1251 535 se-

99 571 181 596 cum
199 557 467 593 dimicaturum
487 550 688 589 videbant:
719 564 830 601 quem
847 564 968 601 iiequc
983 550 1140 587 consilio
1157 574 1169 595 ,
1188 565 1255 588 ne-

97 625 170 661 que
185 612 305 660 copiis
322 607 494 657 superare
510 603 654 655 poll'cnt
675 631 683 638 .
716 601 802 642 Hac
819 616 945 640 mente
970 617 1146 654 magnam
1164 619 1254 641 con-

95 663 252 701 trahunt
281 661 432 699 classem
450 685 463 705 ‚
495 657 781 709 proficiscuntur
811 656 993 694 Pisandro
1017 658 1110 695 duce
1127 685 1134 692 .
1167 656 1256 696 Hos

95 716 234 754 Conon
263 716 363 766 apud
391 713 560 751 Cnidum
591 711 745 748 adortus
774 725 913 764 magno
943 711 1078 761 proelio
1107 709 1212 762 fugat
1237 735 1252 756 ‚

97 771 240 807 multas
256 782 372 806 naves
388 771 490 817 capit
507 789 520 810 ‚
549 765 761 813 complures
780 767 961 815 deprimit
978 792 986 800 .
1016 766 1103 826 Qa
1130 764 1256 802 vi8to·

98 826 151 861 ria
171 837 244 859 non
265 822 383 859 solum
402 821 560 858 Athenae
573 842 585 862 ‚
617 818 676 855 sed
695 821 810 855 etiam
827 817 958 856 cuneh
973 817 1125 855 Graecia
1144 841 1158 863 5
1174 831 1255 869 quae

99 876 164 914 sub
182 875 549 912 Lacedaemoniorum
568 873 689 909 fuerat
707 875 883 922 imperio,
901 872 1059 909 liberata
1077 870 1127 908 est
1145 899 1152 906 .
1174 871 1255 909 Co·

60 967 67 975 ,
98 943 172 966 non
191 942 273 965 cuin
292 940 396 977 parte
412 930 567 964 navium
598 927 635 961 in
653 928 816 974 patriam
835 927 942 962 venit
960 949 972 969 ,
1001 937 1129 961 muros
1148 925 1254 962 diru-

95 994 155 1019 tos
172 995 190 1017 a
210 979 406 1029 Lysandro
422 979 615 1029 utrosque,
630 979 665 1014 ὃ(
685 977 814 1014 Piraeei
831 1002 844 1024 ,
860 980 894 1015 &
910 977 1170 1022 Athenarum,
1192 992 1253 1015 re·-

97 1035 278 1072 ficicndos
295 1046 420 1071 curat:
442 1035 680 1082 pecuniaeque
695 1034 977 1083 quinquaginta
994 1031 1158 1076 talenta,
1175 1044 1255 1082 quae

95 1102 115 1126 a
135 1087 374 1125 Pharnabazo
389 1098 583 1136 acceperat
599 1109 612 1131 ,
641 1085 788 1122 civibus
805 1084 879 1123 suis
895 1086 1013 1122 donat
1028 1112 1038 1120 .

153 1139 201 1178 V.
232 1139 387 1178 Accidit
405 1140 493 1178 huic
509 1140 608 1191 quod
625 1141 760 1176 ceteris
775 1138 1004 1176 mortalibus
1022 1162 1034 1183 ‚
1060 1150 1100 1175 ut
1117 1140 1253 1175 incon-

95 1195 291 1233 fideratioi·
319 1196 357 1230 in
387 1193 546 1231 secunda
564 1207 676 1243 quam
708 1195 746 1229 in
776 1192 931 1230 adversa
949 1191 1038 1228 esset
1070 1190 1221 1228 fortuna
1240 1218 1252 1227 .

95 1248 199 1286 Nam
229 1247 342 1284 classe
372 1245 728 1297 Peloponnesiorum
759 1245 908 1283 dcvi&
927 1270 940 1291 ‚
969 1259 1052 1282 cum
1074 1245 1198 1282 ultum
1215 1244 1253 1283 se

100 1303 258 1352 injurias
275 1302 402 1352 patriae
419 1312 570 1350 putaret
587 1323 599 1344 ,
629 1300 736 1350 plura
754 1301 977 1350 concupivit
994 1312 1105 1349 quam
1131 1299 1255 1336 effice-

96 1369 136 1392 re
151 1356 274 1405 potuit
292 1380 300 1388 .
332 1352 468 1405 Neque
484 1366 613 1391 tamen
645 1367 686 1390 ea
705 1367 780 1390 non
799 1356 860 1403 pia
882 1354 917 1389 ὃ(
947 1352 1139 1401 probanda
1170 1350 1254 1389 sue-

97 1420 185 1445 runt
202 1432 215 1452 ,
243 1408 343 1457 quod
361 1411 490 1458 potius
506 1409 634 1458 patriae
651 1420 740 1457 opes
756 1409 884 1458 augeri
901 1420 1013 1457 quam
1032 1409 1130 1456 regis
1143 1430 1156 1452 ,
1172 1419 1254 1442 ma-

98 1462 171 1498 luit
189 1489 197 1497 .
228 1459 330 1498 Na'm
349 1475 432 1498 cum
462 1474 638 1512 magnam
656 1460 922 1497 :turstoritatem
944 1460 1009 1497 sibi
1026 1473 1149 1510 pugna
1182 1459 1251 1496 illa

96 1515 227 1552 navali
245 1527 357 1565 quam
375 1515 474 1564 apud
488 1515 656 1552 Cnidum
675 1513 817 1552 fecerat
834 1538 847 1560 ,
877 1513 1127 1551 constituiss'et
1145 1536 1157 1557 ,
1174 1526 1250 1550 non

96 1568 216 1606 solum
233 1571 333 1605 inter
362 1567 539 1606 barbaros
556 1592 568 1613 ,
597 1568 658 1605 sed
676 1570 791 1605 etiam
810 1571 910 1605 inter
939 1580 1070 1604 omnes
1098 1564 1251 1603 Graeciae

95 1624 273 1659 civitates
292 1635 302 1665 ς
335 1622 434 1659 clam
451 1624 539 1660 dare
553 1635 706 1672 operam
738 1624 852 1670 coepit
870 1633 910 1658 ut
926 1618 1076 1657 Ioniam
1093 1621 1127 1657 ὅ(
1147 1618 1253 1656 AEo-

96 1675 188 1712 liam
205 1676 414 1712 restitueret
430 1675 726 1713 Atheniensibus
743 1703 751 1710 .
782 1674 826 1712 Id
843 1689 926 1713 cum
944 1677 1070 1710 minus
1086 1673 1254 1724 diligen-

96 1740 155 1766 ter
180 1728 270 1766 esset
288 1731 452 1766 celatum
472 1754 485 1775 ,
517 1728 717 1766 Tiribazus
735 1752 747 1774 ‚
777 1731 842 1780 qui
873 1727 1051 1765 Sardibus
1067 1738 1219 1777 praeerat
1237 1750 1252 1772 ‚

97 1781 295 1820 Cononem
312 1787 491 1820 evocavit
509 1806 521 1827 ,
548 1782 726 1820 simulans
742 1784 788 1819 ad
805 1796 929 1832 regem
947 1795 1030 1818 eum
1047 1779 1083 1818 se
1099 1783 1252 1818 mittere

98 1836 199 1873 velle
214 1862 224 1871 .
254 1836 400 1887 Magna
432 1836 676 1874 festinatione
692 1839 802 1888 hujus
831 1839 970 1873 nuntio
1000 1847 1135 1885 parens
1164 1847 1252 1871 cum

100 1888 283 1934 venisset,
313 1893 349 1926 in
370 1891 522 1927 vincula
541 1890 730 1941 conjeessius
747 1888 818 1927 est:
849 1892 886 1925 in
906 1889 1041 1940 quibus
1058 1889 1252 1938 aliquam·

96 1942 159 1978 din
176 1940 274 1980 fuit.
305 1941 501 1980 Nonnulli
529 1947 614 1980 eum
632 1946 678 1981 ad
706 1958 830 1995 regem
859 1943 1062 1980 abdutstum
1080 1966 1092 1987 ‚
1122 1943 1252 1992 ibique

97 1995 246 2046 periisse
262 2019 274 2041 ,
304 1996 483 2048 scriptum
502 1998 738 2046 reliquerunt
756 2026 764 2033 .
793 1997 939 2034 Contra
959 2011 999 2033 ea
1028 1995 1162 2033 Dinon
1193 1998 1251 2031 hi-

96 2047 249 2088 storicus
264 2072 279 2098 2
295 2052 355 2089 cui
370 2065 439 2090 nos
454 2052 663 2103 plurimum
679 2053 725 2090 de
741 2050 895 2091 Persicis
910 2051 1020 2089 rebus
1037 2050 1222 2088 credimus
1236 2071 1251 2094 ‚

1107 2104 1199 2140 effu-
