1714 2719
490 137 542 174 88
647 131 1022 174 CORNELII
1077 132 1399 174 NEPOTIS

436 215 565 265 tigoni
584 213 726 249 virtute
743 235 756 257 ,
775 209 836 248 sed
853 210 1113 247 Macedonum
1133 213 1297 262 perjurio
1310 235 1323 257 ‚
1340 213 1458 250 tale'rn
1477 214 1610 254 habuit
1659 210 1673 259 'J

439 270 588 306 exitum
623 267 710 303 vitae
727 292 734 299 .
766 262 829 302 De
860 277 935 314 quo
965 276 1108 314 quanta
1140 263 1258 301 fuerit
1289 269 1460 302 omnium
1478 272 1611 318 opinio

441 334 570 360 eorum
589 320 655 370 qui
685 316 766 369 post
782 314 1049 355 Alexandrum
1067 316 1258 368 Magnum
1292 331 1396 369 reges
1427 319 1511 357 sunt
1543 335 1612 372 ap-

443 373 583 425 pellati
601 397 613 418 ,
643 385 688 409 ex
706 372 776 409 hoc
792 369 982 408 facillime
998 369 1119 419 potest
1150 372 1312 421 judicari
1331 395 1344 416 ,
1375 373 1475 422 quod
1500 387 1612 413 nemo

442 427 618 466 Eumene
635 428 728 462 vivo
743 437 806 462 rex
825 423 1046 474 appellatus
1063 423 1113 460 est
1134 448 1147 469 ,
1164 423 1226 460 sed
1244 423 1438 474 praefe&us
1456 453 1465 461 .
1497 427 1632 465 iidema
1656 429 1667 434 ’“

442 479 526 533 post
544 479 654 530 hujus
671 477 843 516 occasum
861 501 874 523 ‚
904 475 1032 513 statim
1058 479 1202 528 regium
1220 491 1396 515 ornatum
1415 503 1427 524 ,
1458 494 1617 517 nomen-
1658 470 1670 531 Ἰ

445 548 519 586 que
549 531 758 570 sumserunt
778 547 785 568 2
817 544 940 581 neque
956 553 969 576 ,
999 531 1099 581 quod
1130 533 1246 568 initio
1280 532 1530 581 praedicarunt
1549 558 1562 579 ‚
1580 533 1618 572 se

447 586 667 624 Alexandri
685 586 818 622 liberis
836 597 992 635 regnum
1023 582 1169 621 servare
1186 608 1199 630 ,
1229 585 1268 620 id
1298 584 1466 635 praestare
1483 587 1618 625 volue-

447 652 536 678 runt
556 664 568 685 ,
598 640 633 674 ὃ(
661 653 736 675 uno
767 649 1048 688 propugnatore
1070 636 1220 674 sublato
1239 661 1251 682 ,
1281 640 1370 688 quid
1402 637 1586 678 sentirent
1603 664 1618 686 5

449 704 678 744 aperuerunt
697 718 705 725 .
737 688 866 741 Hujus
885 689 1034 726 sceleris
1051 692 1244 738 principes
1261 689 1413 727 suerunt
1445 691 1617 744 Antigo-
1646 694 1673 728 ι*

449 760 522 784 nus
539 770 553 790 ,
582 744 810 781 Ptolemaeus
827 767 840 788 ,
858 742 1033 779 Seleucus
1052 765 1064 786 ,
1083 740 1331 789 Lysimachus
1349 767 1362 788 ,
1384 743 1593 783 Cassander
1608 774 1618 784 .

451 797 676 849 Antigonus
693 808 821 834 autem
839 795 1054 832 Eumenem
1071 807 1266 832 mortuum
1285 799 1511 848 propinquis
1540 800 1621 849 ejus

451 851 714 902 sepeliendum
744 850 906 887 tradidit
941 864 948 885 :
980 851 1045 899 qui
1076 862 1161 885 eum
1199 849 1364 886 militari
1393 849 1624 902 honestoque
1672 879 1673 882 η

454 903 587 942 funere
606 928 619 949 ,
649 906 861 940 comitante
881 913 965 939 toto
982 905 1152 938 exercitu
1170 906 1184 947 ‚‘
1213 901 1467 941 humaverunt
1485 928 1498 950 ‚
1527 904 1624 942 ossa-
1650 912 1651 919 ¹

457 972 530 1008 qne
546 959 624 1008 ejus
641 959 681 993 in
698 956 988 1007 Cappadociam
1004 955 1051 991 ad
1071 967 1232 992 matrem
1252 979 1265 1000 ,
1294 967 1410 1008 atque
1432 971 1588 996 uxorem
1609 981 1628 1004 2
1652 991 1654 996 .

453 1009 672 1060 liberosque
689 1011 769 1060 ejus
799 1008 1035 1061 deportanda
1054 1021 1234 1046 curarunt
1252 1035 1261 1043 .
1652 1008 1654 1017 '

645 1135 1453 1203 PHOCION.

973 1274 1017 1312 X
1032 1273 1050 1314 1
1067 1274 1122 1313 X.

460 1385 493 1424 Ι.
597 1381 815 1422 HOCION
841 1381 1087 1421 Atheniensis
1104 1382 1168 1420 etsi
1186 1381 1277 1432 saepe
1293 1382 1524 1422 exercitibus
1539 1399 1634 1437 prae-
1667 1406 1669 1413 ι

622 1437 714 1482 fuit,
732 1437 970 1487 summosque
985 1435 1228 1487 magistratus
1244 1440 1364 1486 cepit,
1381 1449 1509 1475 tamen
1525 1440 1630 1477 mul·
1669 1480 1671 1483 ,

466 1504 508 1530 to
525 1494 604 1543 ejus
634 1493 763 1528 notior
794 1493 996 1541 integritas
1013 1490 1064 1526 est
1096 1492 1182 1526 vitae
1213 1503 1326 1540 quam
1358 1494 1412 1528 rei
1447 1493 1631 1531 militaris
1666 1488 1670 1496 ’

466 1545 577 1583 labor
596 1572 605 1580 .
635 1542 772 1594 Itaque
787 1543 898 1595 hujus
927 1545 1108 1580 memoria
1128 1541 1179 1579 est
1209 1543 1318 1579 nulla
1335 1567 1349 1589 ,
1378 1544 1486 1582 illius
1502 1559 1633 1584 autem

467 1611 605 1650 magna
623 1596 725 1634 fama
745 1612 752 1634 ι
783 1610 829 1634 ex
846 1611 921 1647 quo
939 1621 951 1642 ,
981 1599 1209 1648 cognomine
1245 1602 1364 1632 Bonus
1394 1596 1444 1634 est
1460 1600 1636 1649 appella·-
1669 1610 1671 1614 '

467 1663 530 1690 tus
547 1679 556 1687 .
586 1649 675 1688 Fuit
692 1652 794 1687 enim
812 1662 996 1700 perpetuo
1026 1663 1168 1700 pauper
1185 1673 1199 1695 ,
1227 1664 1312 1687 cum
1344 1651 1544 1690 ditiffimus
1561 1653 1634 1691 effe

469 1704 591 1756 posset
609 1716 766 1754 propter
783 1703 1001 1754 frequentes
1020 1704 1171 1740 delatos
1189 1703 1351 1740 honores
1370 1728 1382 1750 ,
1411 1705 1635 1754 potestates-

472 1772 547 1809 que
562 1757 727 1796 snmmas
746 1770 823 1808 quae
854 1760 889 1794 ei
919 1771 940 1794 a
970 1757 1113 1808 populo
1131 1757 1319 1794 dabantur
1336 1784 1345 1792 .
1388 1755 1469 1796 Hic
1499 1774 1583 1798 cum
1612 1774 1635 1798 a

471 1825 559 1862 rege
575 1809 757 1861 Philippo
774 1824 928 1847 munera
946 1823 1088 1861 magnae
1104 1813 1274 1861 pecuniae
1304 1812 1519 1860 repudiaret
1537 1837 1550 1858 ,
1579 1814 1637 1851 le-

470 1867 627 1917 gatique
644 1864 884 1901 hortarentur
900 1868 1070 1914 accipere
1089 1889 1102 1909 ,
1132 1864 1317 1914 simulque
1352 1865 1603 1903 admonerent
1619 1890 1635 1913 5

470 1919 498 1956 si
517 1917 595 1968 ipse
612 1918 670 1954 his
688 1917 803 1954 facile
819 1929 962 1954 careret
981 1941 994 1963 ‚
1023 1918 1156 1954 liberis
1187 1930 1316 1954 tamen
1349 1916 1425 1955 suis
1444 1918 1636 1970 prospice-

473 1982 531 2008 ret
549 1995 562 2016 ,
593 1969 729 2021 quibus
747 1970 903 2008 difficile
919 1970 1008 2008 effer
1027 1974 1063 2007 in
1083 1970 1225 2007 summa
1244 1982 1470 2021 paupertate
1486 1984 1634 2010 tantam

476 2036 676 2075 paternam
693 2027 794 2063 tueri
809 2023 972 2076 gloriam
992 2038 1004 2069 5
1022 2025 1082 2063 hic
1098 2024 1167 2061 ille
1184 2047 1198 2071 ‚
1226 2025 1270 2060 si
1281 2023 1487 2070 meifimiles
1501 2036 1604 2061 erunt
1621 2049 1635 2072 ‚

1495 2076 1585 2114 idem
