1714 2719
538 149 586 185 28
695 147 1069 188 CORNELII
1124 149 1436 190 NEPOTIS

605 249 1535 351 ALCIBIADES.

940 482 944 486 .
998 421 1116 461 V11.

1661 0 1708 148 Ἠ

1662 126 1707 360 ψ

1664 378 1668 455 !

477 544 510 585 1.
529 547 921 638 ALchADEs
937 549 1077 587 cuniae
1094 548 1196 587 finus
1214 520 1459 588 Athenienfis
1482 549 1551 592 ,10
1569 550 1639 590 hoc
1665 523 1669 603 ἰ

654 616 788 640 natura
807 628 819 649 9
838 605 928 654 quid
945 605 1088 641 efficere
1104 604 1212 653 posfit
1230 627 1243 648 ,
1274 604 1424 640 videtur
1454 616 1608 654 experta
1628 633 1637 642 .
1667 646 1669 648 ,

476 654 637 693 Constat
655 659 757 693 enim
777 660 877 694 inter
893 671 1024 694 omnes
1041 659 1104 706 qui
1123 657 1167 693 de
1198 670 1241 693 eo
1257 660 1445 694 memoriae
1464 659 1641 708 prodidc-

477 720 566 744 runt
584 732 598 753 ‚
626 709 724 746 nihil
742 709 814 746 illo
829 709 941 747 fuisse
957 710 1208 746 excellentius
1226 710 1287 745 vel
1307 712 1343 745 in
1364 714 1471 747 vitiis
1488 735 1501 756 ,
1520 713 1580 747 vel
1598 715 1638 747 in
1668 706 1670 753 Ξ

479 762 690 798 virtutibus
711 789 720 797 .
752 762 879 800 Natus
896 765 935 799 in
952 761 1178 813 ampliffima
1196 764 1356 798 civitate
1373 787 1386 807 ,
1416 763 1561 801 summo
1577 779 1640 815 ge·
1667 759 1671 824 i

474 827 565 850 nere
587 839 600 860 ,
629 816 801 851 omnium
818 818 940 852 aetatis
957 815 1027 852 suae
1042 815 1166 852 multo
1183 814 1462 852 formosissimus
1478 840 1492 861 9
1521 818 1567 854 ad
1597 833 1639 855 ο-
1668 825 1671 868 J

474 881 583 904 mnes
601 881 658 905 res
675 879 789 918 aptus
806 893 819 915 ‚
848 869 1070 920 consiliique
1090 871 1224 919 plenus
1241 895 1249 903 .
1281 867 1460 920 Namque
1477 873 1640 920 impera«
1670 884 1671 910 3

473 931 535 957 tor
550 920 627 958 fuit
643 920 809 958 summus
827 925 923 959 mari
958 923 993 958 ὃ(
1012 935 1108 959 terra
1127 946 1140 967 ,
1169 920 1329 958 disertus
1347 946 1359 967 ,
1388 935 1430 959 ut
1449 926 1485 959 in
1504 927 1637 973 primis

475 974 641 1011 dicendo
664 975 807 1012 valeret
826 991 833 1012 :
863 978 900 1012 ὃ(
915 987 1022 1012 tanta
1039 987 1119 1012 erat
1135 975 1418 1012 commendatio
1444 978 1517 1012 oris
1535 1000 1548 1020 ,
1576 989 1636 1013 at-

473 1040 547 1076 que
581 1030 768 1065 orationis
792 1052 804 1074 ‚
833 1042 876 1066 ut
905 1043 1017 1066 nemo
1047 1031 1081 1065 ei
1110 1029 1270 1065 dicendo
1300 1027 1419 1077 poffet
1448 1028 1608 1065 resistere
1625 1056 1634 1065 .

474 1077 582 1116 {dem
599 1095 684 1117 cum
701 1093 851 1131 tempus
868 1081 1036 1131 posceret
1053 1106 1065 1127 ,
1084 1080 1294 1117 laboriosus
1312 1104 1324 1125 ,
1341 1085 1492 1130 patiens
1510 1106 1522 1126 ,
1540 1082 1637 1118 libe-

471 1133 565 1170 ralis
582 1157 595 1179 ,
613 1133 832 1183 splendidus
851 1149 926 1172 non
951 1138 1078 1171 minus
1096 1137 1134 1170 in
1155 1136 1230 1170 vita
1251 1147 1364 1184 quam
1382 1133 1485 1170 vi&u
1503 1157 1516 1179 ,
1543 1135 1637 1171 affa-
1670 1159 1673 1186 3

473 1186 564 1223 bilis
588 1210 602 1233 ‚
632 1187 793 1225 blandus
819 1211 832 1233 ,
861 1188 1096 1237 temporibus
1127 1186 1367 1224 callidiffime
1398 1186 1605 1224 inserviens
1622 1215 1631 1224 .
1670 1215 1673 1237 ,

471 1238 578 1276 Idem
595 1239 700 1276 simul
721 1254 764 1277 ac
798 1240 834 1278 se
864 1240 1057 1278 remiserat
1076 1265 1088 1286 ‚
1119 1255 1186 1277 nec
1202 1239 1323 1277 cauffa
1346 1238 1493 1276 suberat
1522 1255 1635 1291 quare
1670 1262 1674 1290 ξ

471 1295 593 1329 animi
617 1293 786 1331 laborem
804 1294 987 1344 perferret
1005 1318 1018 1340 ,
1049 1293 1263 1330 luxuriosus
1282 1317 1294 1338 ‚
1325 1292 1525 1330 dissolutus
1542 1318 1555 1339 ,
1585 1293 1635 1330 li·
1670 1305 1674 1343 »g

473 1345 674 1384 bidinosus
691 1371 704 1392 ‚
744 1351 1002 1398 intemperans
1032 1346 1288 1396 reperiebatur
1304 1369 1317 1390 ,
1350 1358 1392 1382 ut
1421 1361 1552 1384 omues
1568 1348 1635 1384 ad-
1671 1347 1674 1404 1

472 1402 706 1437 mirarentur
736 1404 773 1436 in
806 1415 882 1438 uuo
914 1402 1069 1438 homine
1094 1412 1242 1437 tantam
1258 1398 1636 1446 diffiniilitudinem,
1670 1419 1675 1459 1

471 1463 628 1503 tamque
643 1453 832 1491 diversam
853 1465 1030 1492 naturam
1047 1482 1055 1489 .
1671 1468 1674 1516 Ι

523 1504 576 1541 ΙΙ.
608 1505 802 1545 Educatus
820 1506 870 1545 est
888 1510 925 1544 in
943 1509 1057 1545 domo
1074 1506 1234 1545 Periclis
1251 1531 1263 1552 ,
1282 1507 1297 1556 (
1313 1509 1516 1558 privignus
1531 1509 1632 1544 enim
1672 1521 1676 1567 ξ
1695 1524 1698 1530 ’

470 1560 551 1608 eJus
568 1558 678 1597 fuisse
694 1562 864 1611 dicitnr)
881 1562 1051 1598 eruditus
1072 1575 1092 1597 a
1112 1562 1265 1599 Socrate
1282 1588 1289 1595 .
1310 1561 1484 1597 Socerum
1500 1559 1633 1597 habuit
1671 1570 1675 1605 ,¹

473 1610 742 1662 Hipponicum
757 1638 769 1659 ‚
801 1619 973 1652 omnium
990 1628 1112 1666 graecae
1129 1615 1265 1665 lingua:
1283 1613 1503 1664 eloquentia
1519 1612 1637 1650 diser·
1672 1623 1676 1662 ‚¹

473 1666 653 1702 tiffimum
672 1691 684 1713 ,
715 1680 756 1704 ut
773 1692 786 1712 ,
807 1668 830 1704 s1
849 1668 928 1718 ipsc
944 1669 1084 1720 fingere
1102 1668 1220 1704 vellet
1238 1691 1251 1712 ³
1269 1680 1389 1718 neque
1406 1667 1513 1717 plura
1532 1666 1629 1703 bona
1672 1666 1676 1709 ζ

472 1719 683 1766 reminisci,
700 1735 821 1771 neque
838 1724 979 1772 majora
997 1721 1117 1772 poffct
1134 1720 1328 1771 consequi,
1345 1734 1458 1770 quam
1478 1719 1539 1756 vel
1558 1718 1636 1756 for·
1674 1729 1675 1764 }

471 1783 564 1809 tuna
580 1797 593 1817 ,
611 1774 672 1810 vel
691 1787 823 1811 natura
842 1776 1028 1812 tribuerat
1041 1803 1049 1811 .
1079 1772 1242 1813 Ineunte
1257 1773 1511 1811 adolescentia
1529 1786 1635 1809 ama-
1672 1772 1675 1816 i
1698 1806 1699 1810 ,

471 1837 533 1862 tus
550 1825 602 1863 est
616 1840 637 1862 a
673 1829 808 1864 multis
826 1852 838 1873 ,
868 1842 971 1865 more
987 1827 1207 1865 Graecorum
1225 1855 1233 1862 .
1265 1830 1304 1863 in
1335 1829 1387 1864 eis
1414 1841 1434 1863 a
1451 1827 1603 1863 Socrate
1620 1850 1635 1872 ‚
1672 1833 1676 1872 1

472 1879 518 1916 de
534 1892 609 1929 quo
638 1883 873 1918 mentionem
908 1882 1000 1918 facit
1020 1881 1130 1918 Plato
1146 1884 1185 1917 in
1216 1880 1411 1931 Symposio
1428 1909 1435 1915 .
1467 1893 1631 1929 namque
1673 1895 1676 1926 ς
1706 1896 1714 1927 4

472 1946 558 1968 eum
577 1933 729 1970 induxit
760 1947 1121 1972 commemorantem
1149 1933 1186 1972 se
1216 1933 1449 1985 pernofhffe
1465 1947 1549 1970 cum
1568 1934 1634 1970 So·
1673 1942 1676 1979 g
1710 1931 1714 1966 ἓ

472 1998 577 2022 crate
594 2010 616 2032 ,q
637 2001 757 2038 neque
774 1989 885 2025 aliter
900 1985 948 2024 ab
964 2002 1006 2025 eo
1024 1987 1221 2025 surrexisse
1239 2012 1252 2032 3
1281 2002 1323 2025 ac
1339 1987 1442 2024 filius
1459 2001 1477 2023 a
1497 2000 1632 2036 paren-
1673 1998 1677 2040 ί
1711 2002 1714 2011 ¹

472 2049 510 2076 re
526 2039 697 2081 debuerit
716 2068 724 2078 .
752 2040 880 2082 Postea
899 2055 1013 2096 quam
1027 2040 1213 2087 robustior
1228 2040 1278 2085 est
1295 2040 1416 2087 fustus
1431 2064 1444 2090 ,
1464 2054 1537 2077 non
1557 2043 1630 2075 mi-
1674 2058 1677 2093 Ι

1506 2106 1574 2132 nus

1669 941 1672 979 1

1669 1091 1673 1120 ι

1674 2415 1714 2511 A

1675 2520 1714 2637 Η
