1714 2719
415 174 841 217 REGES.
1108 188 1158 226 95

49 257 141 297 Tres
158 255 244 295 sunt
260 267 435 309 praeterea
452 254 619 308 ejusdem
637 257 787 307 generis
812 276 826 301 ‚
857 253 1007 293 Xerxes
1024 279 1037 302 ,
1067 256 1101 292 ὃ(
1131 257 1208 294 duo

43 310 282 350 Artaxerxes
299 335 313 358 ,
329 310 551 349 Macrochir
568 334 582 355 ,
599 311 634 347 ὃ(
652 309 842 347 Mnemon
860 337 869 345 .
898 309 1019 346 Xerxi
1038 314 1207 347 maxime

41 364 92 403 est
112 364 287 411 illustre,
316 364 417 416 quod
433 366 616 401 maximis
641 361 721 414 post
751 363 949 400 homiuum
982 367 1208 401 memoriam

41 418 273 457 exercitibus
289 430 387 456 terra
405 421 579 470 marique
596 418 741 455 bellum
768 416 905 454 intulit
934 415 1090 454 Graeciae
1108 445 1116 452 .
1148 416 1209 454 At

42 473 266 511 Macrochir
295 474 522 523 praecipuam
541 471 655 510 habet
688 471 840 508 laudem
871 471 1104 521 ainplislimae
1121 472 1211 521 pul-

40 526 311 577 cherrimaeque
327 530 494 576 corporis
513 525 640 563 formae
653 549 666 571 ,
683 538 797 576 quam
816 524 1035 562 incredibili
1052 527 1209 562 ornavit

40 584 186 618 virtute
203 581 321 618 belli.
353 595 517 632 namque
534 580 607 617 illo
624 579 819 617 Persarum
836 592 948 616 nemo
979 577 1054 615 suit
1090 592 1209 615 manu

38 632 179 671 fortior
195 660 203 669 .
235 634 427 672 Mnemon
458 647 586 671 autem
615 632 766 684 justitiae
783 631 884 670 fama
920 633 1046 670 floruit
1075 660 1083 667 .
1116 646 1207 668 nam

0 681 1 693 ¹
39 701 125 725 cum
142 690 278 725 matris
296 687 364 725 suae
382 687 520 726 scelere
549 687 728 726 amilill'et
762 701 916 724 uxorem
935 711 948 732 ,
976 698 1129 724 tantum
1147 689 1209 722 in-

36 740 152 778 dulsit
169 741 356 787 dolori,ut
373 756 458 779 eum
474 745 598 792 pietas
615 745 786 779 vinceret
802 770 810 777 .
830 740 889 778 Ex
907 742 966 778 his
982 741 1057 778 duo
1073 740 1208 778 eodem

37 798 213 841 nomine,
229 796 362 832 morbo
378 809 519 832 naturae
536 795 709 833 debitum
726 796 984 833 reddiderunt:
1006 797 1142 832 tertius
1159 793 1210 830 ab

38 846 244 886 Artabano
261 848 435 899 praesecto
451 849 552 887 ferro
569 848 793 887 interfegtus
810 848 859 886 est
872 877 881 884 .

91 899 142 938 ΙΙ.
172 901 232 939 Ex
251 902 511 940 Macedonum
528 916 657 940 autem
676 917 811 954 genere
824 903 898 939 duo
916 903 1042 939 multo
1058 915 1207 940 ceteros

37 955 317 993 antecelserunt
346 970 470 994 rerum
500 955 687 1007 gestarum
718 957 841 1006 gloria
870 979 883 1002 ‚
915 955 1117 1006 Philippus
1148 954 1210 992 A-

37 1021 180 1057 mynta:
210 1009 316 1046 filius
332 1034 346 1056 ,
375 1011 410 1047 ὅ(
438 1009 664 1047 Alexander
693 1009 866 1061 Magnus
882 1036 891 1044 .
924 1007 1075 1046 Horum
1108 1010 1210 1045 alter

36 1061 238 1111 Babylone
267 1062 402 1102 morbo
432 1062 654 1100 consumtus
685 1061 735 1100 est
755 1078 762 1100 :
796 1062 999 1114 Philippus
1032 1060 1154 1113 AEgis
1185 1075 1208 1098 2

37 1115 226 1153 Pausania
242 1138 256 1160 ,
285 1131 370 1154 cum
387 1116 596 1168 speciatum
614 1117 725 1154 ludos
743 1118 817 1153 iret
835 1140 849 1162 ,
875 1118 984 1168 juxta
1012 1117 1207 1154 theatrum

38 1168 183 1206 occisus
199 1167 249 1206 est
268 1197 276 1205 .
308 1169 419 1209 Unus
436 1169 618 1220 Epirotes
636 1169 803 1218 Pyrrhus
821 1194 833 1215 ‚
863 1173 929 1220 qui
957 1185 1044 1208 cum
1063 1170 1209 1221 populo

38 1221 227 1259 Romano
242 1222 406 1261 bellavit
423 1251 431 1259 .
451 1227 482 1260 is
499 1237 584 1261 cum
603 1222 732 1274 Argos
753 1224 937 1274 oppidum
969 1236 1208 1275 oppugnaret

38 1277 77 1312 in
96 1274 360 1325 Peloponneso
377 1301 390 1321 ,
420 1277 551 1326 lapide
568 1276 664 1313 ἰξὶυε
695 1280 844 1313 interiit
861 1305 870 1312 .
902 1276 1014 1314 Unus
1036 1281 1130 1314 item
1150 1278 1209 1313 Si-

35 1328 144 1367 culus
161 1351 174 1373 ,
204 1327 415 1379 Dionysius
433 1333 536 1380 prior
554 1356 563 1364 .
593 1344 683 1366 nam
700 1331 735 1366 ἃ
753 1344 867 1367 manu
885 1328 997 1368 fortis
1014 1355 1027 1376 ‚
1058 1332 1093 1367 ἃ
1111 1330 1207 1368 belli

35 1384 180 1434 peritus
196 1380 271 1418 fuit
291 1406 303 1428 ,
332 1383 397 1431 &(
417 1383 453 1420 id
471 1384 573 1434 quod
591 1385 628 1419 in
647 1395 814 1432 tyranno
831 1398 906 1421 non
934 1383 1051 1422 facile
1067 1387 1209 1435 reperi-

35 1448 98 1473 tur
111 1435 128 1484 )
143 1437 304 1473 minime
323 1437 552 1474 libidinosus
572 1452 578 1474 :
598 1451 674 1474 non
692 1437 909 1476 luxuriosus
926 1462 939 1484 ,
957 1453 1033 1475 non
1050 1452 1210 1486 avarus,

36 1488 183 1527 nullius
204 1492 257 1527 rei
274 1491 440 1542 denique
456 1491 616 1542 cupidus
637 1491 706 1528 nisi
725 1491 924 1542 singularis
955 1496 1208 1543 perpetuique

34 1543 187 1594 imperii
205 1567 218 1589 ,
235 1542 283 1581 ob
298 1558 458 1596 eamque
473 1559 552 1582 rem
568 1545 735 1582 crudelis
753 1573 760 1581 .
789 1560 877 1582 nam
894 1547 984 1583 dum
1005 1547 1041 1583 id
1062 1545 1209 1585 studuit

33 1599 186 1635 munire
202 1621 216 1643 ‚
246 1599 394 1635 nullius
411 1602 581 1649 pepercit
602 1602 688 1637 vitae
704 1613 816 1650 quem
834 1602 913 1650 ejus
943 1600 1206 1638 insidiatorem

34 1662 188 1702 putaret
206 1677 214 1686 .
247 1649 328 1690 Hic
345 1666 432 1690 cum
451 1655 596 1690 virtute
612 1655 860 1702 tyrannidem
881 1653 947 1691 sibi
973 1653 1174 1704 peperisset
1191 1678 1207 1700 ‚

34 1718 175 1756 magna
192 1708 351 1743 retinuit
389 1706 580 1744 felicitate
597 1731 611 1752 ,
642 1709 840 1759 majorque
869 1722 990 1745 armos
1005 1707 1204 1759 sexaginta

36 1770 149 1796 natus
165 1759 314 1798 deceffit
330 1761 490 1798 florente
509 1775 625 1812 regno
642 1787 650 1796 .
681 1776 804 1812 neque
822 1765 860 1798 in
879 1774 958 1798 tam
986 1762 1121 1799 multis
1137 1776 1207 1798 an-

35 1815 98 1850 nis
114 1812 336 1865 cujusquam
353 1828 397 1851 ex
416 1815 477 1852 sua
497 1814 612 1865 stirpe
627 1813 741 1853 sunus
760 1816 858 1853 vidit
875 1838 889 1862 ,
917 1830 1002 1854 cum
1019 1829 1063 1853 ex
1083 1815 1206 1853 tribus

34 1867 220 1904 uxoribus
238 1868 378 1906 liberos
410 1867 636 1920 procreasset
653 1893 667 1915 ‚
696 1869 888 1921 multique
917 1873 956 1908 ei
971 1873 1053 1907 nati
1085 1869 1205 1907 essent

33 1933 195 1970 nepotes
212 1948 221 1957 .

87 1972 159 2011 ΙΙΙ.
177 1973 345 2014 Fuerunt
362 1989 538 2028 praeterea
557 1978 672 2015 multi
690 1991 794 2029 reges
810 1991 854 2015 ex
873 1980 1008 2015 amicis
1025 1977 1205 2015 Alexan-

35 2025 96 2064 dri
113 2028 254 2081 Magni
271 2055 285 2076 ,
314 2034 379 2082 qui
396 2031 475 2082 post
493 2031 642 2068 obitum
660 2034 739 2083 ejus
757 2035 915 2082 imperia
935 2042 1115 2083 ceperunt
1134 2058 1141 2065 .
1161 2034 1203 2067 iu

38 2077 98 2120 his
124 2081 350 2137 Antigonus
367 2109 382 2132 ,
410 2087 447 2124 Sc
475 2086 587 2139 hujus
608 2085 710 2123 filius
743 2084 995 2125 Demetrius:
1028 2082 1207 2133 Lysinia-

1026 2138 1117 2186 chus
1135 2162 1148 2183 ,
