1714 2719
372 124 981 166 FRAGMENTA.
1148 139 1218 174 ¹39

352 262 1039 318 EPISTOLA

139 386 1230 461 CORNELIAE

225 529 519 571 MATRIS
572 527 1159 570 GRACCHORUM.

217 639 319 678 ICIS
336 665 348 685 ,
379 639 579 690 pulchrum
597 637 668 675 cffi-
701 641 878 676 inimicos
897 636 1056 676 ulcisci.
1089 641 1124 677 id
1156 654 1278 692 neque

245 696 366 745 majus
384 718 396 739 ‚
426 707 549 744 neque
566 692 762 743 pulchrius
779 697 957 744 cuiquam
978 704 1092 744 atque
1115 693 1186 731 csse
1205 698 1278 731 mi-

113 753 152 788 hi
172 751 344 787 videtur:
377 746 437 784 sed
456 747 612 784 li'liccat
631 746 822 796 republica
856 746 959 783 salva
979 761 1042 784 eos
1070 748 1276 798 persequi.

111 805 182 842 Sed
202 815 388 855 quatenus
407 802 442 838 id
463 801 544 837 fieri
564 815 638 836 non
658 799 776 849 potest
791 824 802 844 ,
817 801 944 838 multo
961 813 1130 849 tempore
1147 826 1159 847 ,
1177 801 1279 838 mul-

113 857 238 908 tisque
254 854 425 906 partibus
458 856 606 890 inimici
625 852 740 889 nostri
760 868 833 890 nou
853 854 1030 904 peribunt
1045 878 1057 897 ‚
1088 867 1203 906 atquc
1222 858 1278 892 uti

113 925 214 948 nuuc
245 909 330 946 sunt
349 932 362 953 ,
392 921 501 944 crunt
528 931 542 952 ,
573 909 701 957 potius
723 921 838 956 quam
870 906 1082 958 respublica
1103 910 1280 960 proflige-

113 978 174 1001 tur
203 975 319 1015 atque
347 973 476 1012 percat
494 988 503 996 .

523 1066 653 1104 Eadem
683 1067 758 1106 alio
781 1066 854 1105 loco
870 1095 881 1103 .

173 1176 312 1214 Verbis
343 1177 540 1225 conceptis
561 1175 730 1224 dejerare
759 1174 906 1219 ausim,
936 1186 1185 1226 praeterquam
1216 1176 1281 1225 qui

118 1230 318 1268 Tiberium
345 1226 564 1264 Gracchum
598 1240 782 1264 necarunt
801 1252 813 1272 ‚
843 1232 1036 1264 neminem
1079 1231 1279 1266 inimicum

117 1297 268 1322 tantum
286 1279 466 1318 molesti-,e
483 1305 496 1326 ,
526 1291 756 1330 tantumque
772 1280 916 1317 laboris
934 1303 946 1326 ‚
970 1294 1155 1331 quantum
1178 1295 1215 1320 te
1232 1283 1282 1319 ob

117 1340 183 1375 has
201 1351 256 1373 res
274 1335 370 1372 mihi
387 1333 614 1385 tradidisse,
644 1347 756 1384 quem
778 1333 980 1383 oportebat
1011 1338 1182 1372 omnium
1218 1351 1283 1373 eo-

119 1406 200 1428 rum
219 1404 311 1441 quos
328 1401 418 1425 ante
433 1387 503 1424 hac
519 1387 635 1424 habui
655 1386 796 1425 liberos
814 1411 827 1431 ,
857 1400 983 1438 partes
1016 1403 1144 1426 eorum
1178 1391 1279 1426 tole-

121 1459 201 1482 rare
219 1456 334 1494 atque
351 1456 480 1479 curare
494 1465 508 1486 ,
534 1453 574 1478 ut
591 1454 706 1492 quam
722 1444 926 1478 minimum
947 1441 1224 1480 sollicitudinis
1245 1447 1283 1480 in

121 1497 266 1536 scnecsta
285 1496 459 1534 haberem
474 1520 486 1541 ,
504 1498 636 1546 utique
653 1509 896 1546 quaecumque
913 1509 1041 1547 ageres
1060 1521 1072 1541 ‚
1103 1511 1142 1533 ea
1162 1498 1283 1534 velles

121 1555 289 1590 maxime
306 1551 400 1587 mihi
421 1550 570 1599 placere
589 1563 600 1594 ς
629 1560 745 1600 atque
761 1552 818 1586 uti
840 1549 946 1586 nefas
977 1550 1133 1587 haberes
1160 1565 1284 1588 rerum

121 1608 308 1656 majorum
339 1602 539 1640 adversum
555 1617 680 1639 meam
711 1601 940 1640 sententiam
959 1605 1168 1654 quidquam
1186 1603 1291 1641 face-

122 1674 190 1703 103
221 1657 423 1710 praesertim
441 1657 536 1694 mihi
552 1681 565 1702 ,
583 1659 642 1694 cui
660 1670 774 1706 parva
796 1670 881 1707 pars
900 1660 987 1693 vitae
1006 1656 1166 1707 superest
1184 1685 1192 1693 .
1223 1657 1287 1695 Ne

126 1715 164 1751 id
182 1713 334 1764 quidem
354 1725 431 1748 tam
457 1711 570 1748 breve
604 1710 766 1760 spatium
799 1710 918 1761 potest
950 1711 1165 1761 opitulari,
1196 1715 1289 1762 quin

125 1769 159 1804 Sc
178 1766 273 1804 mihi
292 1764 519 1808 adverseris,
538 1765 572 1800 ὅ(
589 1764 864 1814 rempublicam
885 1765 1062 1816 profliges
1078 1792 1085 1799 .
1107 1763 1290 1815 Denique

125 1835 203 1872 quae
219 1819 332 1870 pausa
356 1819 458 1856 erit?
491 1821 525 1854 ὃ(
543 1820 696 1869 quando
713 1817 854 1855 desinet
878 1818 1028 1854 familia
1048 1817 1169 1856 nostra
1190 1818 1293 1855 insa-

124 1874 236 1912 nire?
268 1874 303 1910 &
321 1873 474 1924 quando
490 1873 625 1909 modus
645 1875 679 1909 ei
698 1874 750 1908 rei
769 1872 898 1909 haberi
915 1873 1088 1922 poterit?
1120 1873 1155 1909 ὃ(
1172 1886 1294 1923 quau-

125 1930 173 1965 do
191 1927 399 1964 desinemus
417 1927 451 1963 δι’
470 1926 653 1963 habentes
671 1950 683 1972 ,
701 1927 736 1961 &
753 1926 979 1976 praebentes,
999 1924 1185 1963 molestiis
1202 1927 1300 1964 desi-

125 1981 247 2018 stere?
279 1982 314 2017 ὅ(
332 1981 484 2032 quando
516 1978 761 2032 perpudescet
791 1979 983 2016 miscenda
1013 1992 1129 2031 atque
1145 1994 1297 2030 pertur-

126 2036 247 2072 banda
268 2035 464 2087 republica
483 2034 498 2072 ?
532 2035 603 2072 Sed
621 2033 644 2071 si
676 2035 835 2072 omnino
868 2035 905 2071 id
937 2033 1019 2072 ficri
1035 2048 1112 2072 non
1145 2034 1265 2084 potest
1283 2057 1299 2082 ,

1183 2088 1249 2126 ubi
