1714 2719
275 130 863 178 AL01131AD15.
949 132 1038 171 vn.
1143 147 1184 182 33

74 238 127 262 ne
143 220 299 261 secunda
318 218 470 256 fortuna
489 241 505 262 ,
531 215 754 268 magnisque
770 216 894 253 elatus
912 216 1047 266 opibus
1063 239 1077 260 ‚
1106 228 1187 265 tyra
1197 233 1240 256 n-

76 278 206 315 nideni
226 271 500 323 concupisceret
519 297 527 305 .
559 270 711 331 Qibus
730 270 838 306 rebus
854 267 996 306 facium
1015 268 1063 306 est
1085 294 1096 314 ,
1115 283 1154 307 ut
1173 273 1241 308 ah-

77 330 176 368 senti
195 325 454 379 magistratum
468 324 693 374 abrogarent
711 347 724 367 ,
753 324 787 358 δε
805 323 927 358 alium
946 326 984 359 in
1013 324 1093 373 ejus
1110 323 1237 363 locum

83 382 344 421 substituerent
357 376 512 415 .1dille
530 389 569 413 ut
587 377 756 417 audivit,
769 376 923 412 domum
941 379 1081 413 reverti
1097 379 1242 424 noluit,

83 438 116 473 ὅ(
136 435 169 473 se
186 433 403 472 Perinthum
422 430 588 468 contulit
606 453 620 474 ,
651 431 779 480 ibique
798 432 870 466 tria
897 428 1049 466 castella
1068 445 1241 469 commu-

82 492 200 534 nivit,
217 486 356 524 Bornos
373 509 386 530 ,
405 483 560 533 Byziam
575 508 586 529 ,
605 483 920 520 Macrontichos:
952 496 1142 534 manuque
1158 486 1240 522 col-

79 542 173 581 lech
192 565 204 585 ‚
224 543 365 591 primus
381 536 534 576 ercia:
554 541 590 573 in
612 535 817 573 Thraciam
838 538 988 573 introiit
1007 560 1019 582 ‚
1037 537 1236 587 gloriosius

79 593 299 633 existimans
317 592 557 630 barbarorum
577 591 696 642 praeda
715 590 975 640 locupletari,
1006 603 1119 642 quam
1136 589 1239 629 Gra-

74 650 198 700 jorum
221 675 229 682 .

131 699 241 738 VIII.
258 703 343 762 Qa
361 713 405 737 ex
426 713 462 737 re
478 710 648 737 creverat
664 712 747 735 cum
766 697 966 735 famatum
983 699 1116 750 opibus
1131 724 1144 744 ‚
1162 715 1243 738 ma-

76 769 265 806 gnamque
287 757 497 790 amicitiam
517 753 581 789 fibi
599 766 682 789 cum
700 751 922 802 quibusdam
950 753 1098 804 regibus
1118 753 1241 791 Thra-

77 813 140 846 ciae
171 819 390 858 pepererat.
422 805 559 857 Neque
591 818 718 842 tamen
736 819 755 842 a
772 809 933 843 caritate
964 809 1091 856 patriae
1110 813 1236 857 potuit

76 863 246 899 recedere
258 888 266 895 .
298 859 402 897 Nam
419 874 501 896 cum
519 860 617 908 apud
634 857 763 909 AEgos
780 859 917 896 flumen
938 858 1130 897 Philocles
1149 875 1239 911 prx-

75 926 135 951 tor
163 912 455 950 Atheniensium
491 912 643 949 clalsem
671 911 920 948 constituisset
953 911 1056 949 suam
1076 929 1082 949 ;
1114 928 1236 965 neque

73 967 187 1017 longe
203 964 342 1002 abell'et
363 964 560 1013 Lysander
585 977 717 1014 praetor
735 963 1107 1002 Lacedaemoniorum
1127 991 1138 1011 ,
1169 971 1234 1018 qui

75 1023 114 1057 iu
133 1033 176 1056 eo
192 1031 272 1056 crat
304 1030 508 1069 occupatus
526 1030 566 1054 ut
598 1017 740 1054 bellum
761 1031 873 1067 quam
900 1018 1106 1056 diutissimc
1123 1021 1237 1058 ducc-

72 1084 127 1110 ret
144 1096 158 1117 ,
187 1072 286 1122 quod
306 1071 390 1122 ipsis
408 1074 565 1122 pecunia
591 1084 611 1107 a
630 1085 714 1120 rege
731 1070 1044 1121 suppeditabatur
1063 1088 1070 1109 :
1101 1087 1233 1111 contra

76 1124 370 1164 Atheniensibus
388 1123 578 1161 exhaustis
595 1148 607 1169 ,
638 1136 769 1174 praeter
785 1138 887 1161 arma
912 1126 946 1161 δε
972 1139 1088 1163 naves
1107 1151 1120 1171 ,
1139 1128 1237 1165 nihil

73 1190 150 1218 erat
168 1177 299 1228 super:
332 1177 556 1214 Alcibiades
574 1178 620 1214 ad
643 1176 935 1215 Atheniensium
958 1183 1063 1221 venit
1095 1185 1242 1218 exerci-

77 1245 155 1270 tum
174 1256 186 1278 ,
217 1231 344 1281 ibique
362 1230 540 1280 praesente
558 1231 673 1281 vulgo
705 1244 814 1282 agere
839 1234 954 1281 coepit
972 1255 988 1277 5
1016 1231 1040 1269 si
1060 1234 1209 1271 vellent
1226 1258 1238 1280 ‚

75 1284 112 1324 se
127 1284 342 1323 coachuum
362 1283 601 1333 Lysandrum
619 1297 684 1320 aut
701 1285 883 1321 dimicare
905 1309 915 1330 ,
940 1297 1005 1322 aut
1023 1299 1153 1335 pacem
1178 1301 1244 1338 pe-

71 1350 175 1378 tere:
207 1338 514 1376 Lacedaemonios
532 1352 574 1374 eo
596 1338 701 1374 nolle
730 1339 932 1388 confligere
963 1338 1075 1376 claffe
1092 1364 1105 1385 ,
1136 1341 1237 1391 quod

71 1391 300 1445 pedestribus
316 1394 436 1442 ‹opiis
465 1391 550 1441 plus
570 1405 684 1442 quam
715 1391 878 1428 navibus
895 1415 908 1437 ‚
937 1392 1138 1430 valerent:
1170 1393 1237 1431 sibi

72 1459 200 1484 autem
217 1444 290 1483 esse
307 1445 423 1483 facile
438 1445 615 1481 Seuthem
633 1458 759 1495 regem
779 1444 969 1482 Thracum
982 1446 1181 1493 deducere,
1193 1461 1235 1486 ut

71 1514 134 1538 eos
150 1512 245 1537 terra
261 1499 483 1550 depelleret:
502 1512 576 1549 quo
593 1497 694 1535 facio
710 1497 916 1535 necessario
933 1511 998 1535 aut
1015 1499 1129 1537 classe
1145 1515 1237 1538 con-

70 1553 236 1592 fliQuros
255 1576 268 1598 ,
285 1566 350 1590 aut
368 1552 511 1589 bellum
529 1551 824 1602 composituros.
843 1550 886 1588 Id
902 1552 966 1589 etsi
986 1567 1072 1590 vere
1088 1553 1233 1591 dicium

71 1605 262 1644 Philocles
279 1605 611 1643 animadvertebat
628 1629 640 1650 ‚
672 1617 799 1642 tamen
818 1603 1007 1655 postulata
1025 1605 1148 1644 facere
1165 1622 1238 1645 no—

72 1660 146 1702 luit
161 1683 174 1705 ,
203 1661 302 1711 quod
323 1658 511 1697 sentiebat
527 1682 541 1704 ,
571 1657 606 1696 se
632 1683 647 1704 ,
663 1657 871 1696 Alcibiade
888 1672 1039 1709 recepto
1056 1684 1068 1705 ‚
1086 1661 1234 1698 nullius

71 1716 254 1752 momenti
271 1713 369 1764 apud
387 1715 598 1750 exercitum
615 1712 786 1749 futurum
803 1736 816 1757 ,
847 1713 883 1748 ὃ(
901 1735 914 1757 ,
944 1712 1064 1763 siquid
1082 1712 1235 1751 secundi

73 1765 250 1805 evenisset
266 1790 282 1811 ,
310 1766 460 1803 nullam
482 1769 520 1802 in
537 1778 579 1803 ea
599 1780 636 1804 re
654 1765 757 1802 suam
788 1778 935 1816 partem
964 1764 1046 1804 fore
1064 1782 1071 1803 :
1103 1781 1236 1805 contra

72 1833 114 1858 ea
136 1843 149 1866 ,
176 1819 200 1857 si
218 1821 308 1871 quid
325 1819 467 1857 adversi
485 1818 679 1857 accidisset
697 1843 710 1864 ,
741 1817 776 1856 se
792 1833 909 1856 unum
931 1820 1012 1870 ejus
1027 1820 1160 1858 deliffi
1177 1820 1238 1858 su-

72 1885 197 1911 turum
213 1887 317 1911 reum
339 1901 348 1909 .
381 1872 445 1910 Ab
462 1873 530 1910 hoc
547 1872 742 1910 discedens
758 1871 986 1910 Alcibiades
1003 1897 1016 1919 ‚
1029 1877 1206 1927 Qoniam
1222 1899 1235 1920 ,

70 1929 198 1978 inquit
215 1951 229 1973 ,
247 1926 404 1963 vinoriae
416 1929 547 1975 patriae
562 1935 728 1973 repugnas
744 1949 758 1970 ,
775 1924 870 1962 illud
882 1939 996 1962 moneo
1011 1950 1024 1972 ,
1045 1931 1163 1973 juxta
1177 1928 1238 1963 ho-

67 1979 135 2027 stes
148 1979 260 2027 castra
277 1979 400 2016 habeas
415 1982 567 2015 nautica
583 2007 591 2015 .
617 1977 812 2027 periculum
825 1979 872 2026 est
899 1982 991 2015 enim
1020 1994 1061 2016 ne
1077 1980 1239 2016 immode-

68 2032 141 2080 stia
154 2032 311 2071 militum
325 2033 513 2081 nostrorum
541 2032 665 2078 occasio
679 2030 783 2069 detur
799 2031 977 2082 Lyfhndro
1005 2033 1111 2082 nostri
1125 2036 1241 2082 oppri—

1089 2099 1184 2124 men-
