1714 2719
491 193 538 229 34
645 179 1017 220 CORNELII
1071 181 1384 223 NEPOTIS

442 263 684 314 sequerentur
701 286 713 308 ‚
743 262 789 299 ad
818 260 1064 300 Timotheum
1096 263 1131 299 ὅ(
1159 261 1390 314 Iphicraten]
1420 271 1598 308 nuntium

442 318 542 354 misit
561 344 570 352 .
600 313 708 353 Hinc
723 315 824 352 male
840 329 877 352 re
893 315 991 366 gesta
1009 340 1022 362 ,
1052 317 1313 366 compluribus
1331 320 1470 357 amiffis
1487 326 1599 360 navi-

442 372 510 409 bus
527 394 540 416 ,
570 370 701 407 eodem
718 369 818 405 unde
834 381 914 405 erat
954 368 1144 419 profecius
1162 393 1174 415 9
1204 369 1239 406 se
1256 375 1420 421 recepit,
1450 374 1602 412 literas-

444 438 516 475 que
534 421 707 459 Athenas
725 422 875 472 publice
891 422 990 459 misit
1009 446 1021 467 ,
1052 422 1116 459 sibi
1134 424 1305 473 proclive
1322 425 1432 463 fuiffe
1447 428 1601 465 Samum

446 490 578 527 capere
595 500 608 521 ,
637 474 703 512 nisi
734 489 755 512 a
789 474 996 512 Timotheo
1012 477 1046 511 &
1077 474 1268 525 Iphicrate
1284 477 1451 517 desertus
1481 480 1570 518 effet
1588 507 1599 517 .

444 531 507 568 Ob
523 542 606 566 eam
624 542 701 565 rem
721 530 758 564 in
777 531 919 565 crimen
940 528 1172 565 vocabantur
1190 544 1197 565 :
1229 531 1392 580 populus
1408 546 1492 570 acer
1515 557 1528 579 ,
1541 533 1602 572 su-

443 583 570 634 spicax
589 606 603 628 ,
619 582 791 626 mobilis,
809 580 1043 618 adversarius
1060 605 1073 627 ι,
1090 582 1245 619 invidus
1263 588 1378 620 etiam
1396 590 1601 635 potentiae,

443 638 598 674 domum
617 646 768 672 revocat
788 649 795 670 :
828 634 1050 671 accusantur
1066 636 1295 684 proditionis
1314 665 1321 672 .
1355 636 1444 676 Hoc
1459 640 1603 691 judicio

445 690 649 727 damnatur
681 687 907 724 Timotheus
925 710 938 732 ,
967 686 1088 737 lisque
1121 689 1201 738 ejus
1232 688 1434 729 aestimatur
1448 707 1602 730 centum

444 744 604 780 talentis
621 769 628 775 .
659 739 733 776 Ille
749 741 838 776 odio
855 742 1009 791 ingratae
1038 742 1213 777 civitatis
1237 743 1387 782 coa&us
1404 768 1417 790 ‚
1445 746 1605 784 Chalci-

445 797 531 833 dem
549 794 584 832 se
601 794 769 831 contulit
786 820 794 828 .

498 847 570 884 IV.
603 845 731 898 Hujus
748 844 828 896 post
845 857 1007 883 mortem
1038 847 1200 897 populus
1217 872 1229 894 ,
1259 863 1342 886 cum
1360 864 1444 889 eum
1469 852 1606 903 judicii

446 902 502 940 sui
519 903 719 953 poeniteret
737 924 750 945 ,
766 901 894 936 multae
910 914 1048 936 novem
1065 903 1379 950 partes-detraxit
1395 928 1409 950 ,
1425 906 1460 941 ὃ(
1475 906 1605 943 decem

448 956 593 993 talenta
610 953 811 991 Cononem
822 953 952 989 ‘filium
969 954 1047 1003 ejus
1065 976 1078 998 ,
1106 954 1154 990 ad
1170 959 1269 992 muri
1288 959 1490 1007 quamdam
1517 972 1604 1009 par-

448 1021 526 1047 tem
543 1007 785 1045 reficiendam
803 1031 815 1052 ‚
843 1006 942 1056 juffit
960 1006 1047 1043 dare
1063 1033 1071 1042 .
1102 1005 1145 1043 In
1164 1023 1239 1059 quo
1263 1008 1422 1047 fortunae
1439 1015 1605 1049 varietas

448 1062 499 1100 cst
515 1059 779 1098 animadversa
799 1075 805 1096 :
837 1073 923 1095 nam
941 1073 1034 1109 quos
1049 1073 1144 1096 avus
1174 1061 1313 1098 Conon
1330 1077 1457 1101 muros
1474 1078 1518 1101 ex
1538 1065 1607 1100 ho-

449 1115 559 1153 stium
577 1114 697 1164 praeda
714 1116 843 1162 patriae
860 1111 1090 1158 restituerat,
1107 1113 1255 1151 eosdem
1273 1129 1390 1166 nepos
1405 1131 1490 1153 cum
1508 1116 1608 1153 sum-

449 1183 511 1205 ma
530 1169 740 1218 ignominia
757 1164 914 1202 samiliae
931 1178 975 1202 ex
994 1164 1055 1201 sua
1073 1179 1111 1202 re
1141 1165 1327 1205 familiari
1353 1169 1502 1207 reficere
1519 1183 1608 1207 coa-

452 1222 532 1260 ἓως
549 1220 600 1258 est
613 1248 621 1256 .
655 1219 852 1256 Timothei
869 1230 996 1255 autem
1012 1220 1213 1257 moderatae
1247 1220 1501 1273 sapientisque
1519 1226 1608 1261 vitae

451 1289 537 1314 cum
554 1274 734 1325 pleraque
751 1272 942 1322 possumus
959 1271 1125 1321 proferre
1155 1273 1370 1312 testimonia
1390 1299 1402 1321 ,
1432 1291 1508 1314 uno
1536 1279 1610 1314 eri-
1664 1273 1666 1276 ¹

451 1343 536 1368 mus
553 1329 726 1365 contenti
744 1340 756 1370 3
787 1325 885 1376 quod
903 1338 947 1361 ex
965 1339 1008 1362 eo
1038 1325 1153 1363 facile
1169 1330 1308 1378 conjici
1337 1332 1479 1378 poterit
1495 1344 1608 1381 quam

452 1396 559 1421 carus
577 1380 650 1417 suis
668 1378 783 1416 fuerit
795 1406 802 1414 .
820 1377 920 1415 Cum
937 1378 1106 1416 Athenis
1121 1381 1428 1419 adolescentulus
1445 1382 1613 1420 caussam*
1663 1397 1665 1402 ¹

452 1437 594 1474 diceret
612 1458 624 1479 ,
655 1448 731 1470 non
748 1431 868 1469 solum
885 1434 1023 1478 amici,
1040 1436 1261 1486 privatique
1277 1435 1444 1486 hospites
1459 1437 1507 1473 ad
1523 1439 1609 1474 eum

452 1487 734 1527 defendendum
751 1498 1011 1523 convenerunt
1028 1509 1041 1530 ,
1071 1485 1129 1523 sed
1148 1491 1265 1524 etiam
1283 1491 1321 1525 in
1339 1491 1391 1526 eis
1408 1488 1517 1527 Iason
1547 1502 1611 1540 ty-

453 1554 594 1580 rannus
612 1564 624 1586 ,
655 1543 720 1591 qui
739 1539 810 1576 illo
827 1551 998 1589 tempore
1013 1538 1088 1576 fuit
1111 1544 1282 1578 omnium
1301 1543 1582 1592 potentissimus
1598 1571 1609 1580 .

453 1595 534 1633 Hic
550 1608 633 1632 cum
653 1596 689 1629 in
707 1595 829 1643 patria
847 1592 922 1630 fine
952 1591 1183 1632 satellitibus
1201 1594 1236 1632 se
1252 1608 1378 1633 tutum
1407 1611 1483 1634 non
1508 1597 1614 1634 arbi-
1664 1630 1665 1633 ,

453 1661 616 1687 traretur
632 1670 644 1692 ,
675 1645 850 1684 Athenas
867 1645 940 1683 sine
970 1646 1051 1683 ullo
1081 1648 1248 1697 praesidio
1273 1653 1404 1687 venit:
1434 1653 1613 1701 tantique
1662 1687 1664 1691 ,

455 1702 644 1753 hospitem
663 1699 755 1737 fecit
773 1723 786 1745 5
816 1712 856 1736 ut
886 1699 1022 1736 mallet
1053 1699 1089 1737 se
1118 1705 1256 1753 capitis
1280 1703 1490 1754 periculum
1507 1706 1614 1742 adire

454 1769 568 1808 quarn
587 1753 794 1791 Timotheo
811 1754 856 1789 de
872 1752 973 1789 sama
1000 1753 1202 1792 dimicanti
1219 1757 1343 1794 deesse
1359 1785 1367 1792 .
1399 1755 1517 1795 Hunc
1544 1758 1615 1794 ad-

459 1808 587 1847 versus
616 1819 744 1844 tamen
778 1806 1003 1843 Timotheus
1020 1807 1144 1857 postea
1178 1811 1311 1859 populi
1339 1810 1436 1861 jussu
1466 1811 1613 1848 bellum
1660 1844 1663 1848 Α

459 1862 565 1915 geffit
597 1876 605 1898 :
635 1863 839 1911 patriaeque
869 1859 1051 1897 szinSiiora
1094 1863 1176 1912 jura
1207 1877 1319 1913 quam
1353 1864 1509 1914 hospitii
1539 1864 1613 1902 effe

458 1918 568 1954 duxit
582 1942 590 1951 .
617 1912 710 1951 Haec
726 1927 892 1950 extrema
910 1913 985 1949 fuit
1003 1927 1088 1951 aetas
1107 1918 1378 1966 imperatorum
1396 1917 1617 1956 Athenien-
1661 1934 1663 1937 ’

459 1971 550 2008 sium
569 1992 582 2014 ,
611 1966 816 2018 Iphicratis
834 1991 846 2013 ‚
861 1966 1035 2004 Chabriae
1053 1992 1065 2013 ,
1087 1967 1284 2008 Timothei
1303 1986 1310 2008 ε
1329 1985 1450 2022 neque
1467 1971 1546 2023 post
1564 1971 1614 2007 il-
1660 2000 1661 2003 η

457 2024 581 2061 lorum
613 2021 761 2059 obitum
778 2019 976 2073 quisquam
993 2021 1068 2060 dux
1100 2025 1139 2060 in
1165 2023 1235 2062 illa
1266 2024 1356 2063 urbe
1383 2024 1459 2063 fuit
1477 2025 1612 2076 dignus

455 2089 637 2115 memoria
656 2102 664 2112 .

1461 2129 1564 2169 DA-
