1714 2719
497 166 547 200 74
654 150 1025 192 CORNELII
1081 149 1396 192 NEPOTIS

444 251 515 288 que
546 235 648 272 fama
678 236 824 272 exierat
842 258 855 280 ,
885 235 1142 272 Artaxerxem
1173 248 1393 286 comparare
1421 233 1571 277 c'laffem
1589 261 1605 286 ‚
1646 264 1647 279 η
1688 259 1691 275 z

439 289 700 340 pedestresque
728 291 916 325 exercitus
946 313 958 334 ‚
988 301 1083 338 quos
1114 292 1152 325 in
1182 287 1371 327 Graeciam
1401 294 1576 331 mitteret
1591 319 1601 328 .
1645 296 1648 340 ξ

441 343 547 381 Data
565 340 751 393 potestate
771 367 784 388 ,
813 353 920 379 tanta
938 343 1135 380 celeritate
1160 341 1246 379 usus
1262 342 1313 380 est
1332 368 1345 390 ,
1374 357 1416 382 ut
1432 348 1535 396 prius
1563 349 1605 384 in
1646 364 1649 393 ·,

439 398 571 435 Asiam
589 410 674 434 cum
691 398 811 444 copiis
827 398 1043 445 pervenerit
1057 420 1070 441 ,
1100 409 1213 447 quam
1233 399 1327 448 regii
1345 397 1498 450 satrapae
1516 414 1605 437 eum
1647 398 1650 439 ἶ
1687 358 1693 441 l

435 450 574 489 scirent
600 447 812 501 profeffium
831 476 839 483 .
870 452 959 510 Qu
987 448 1130 486 faffium
1163 449 1213 486 est
1242 462 1283 487 ut
1315 466 1446 489 omnes
1482 456 1605 502 impa-
1648 473 1650 478 ν
1686 469 1691 521 ¹

437 516 540 542 ratos
558 501 890 555 imprudentesque
922 503 1129 540 offenderet
1146 530 1155 539 .
1185 502 1228 540 Id
1246 515 1286 540 ut
1316 509 1499 557 cognovit
1519 505 1606 544 Tis-
1647 510 1651 554 ξ
1687 530 1691 543 .

435 558 638 608 saphernes
659 580 671 601 ‚
701 559 767 606 qui
799 555 986 592 summum
1022 559 1225 606 imperium
1243 569 1326 595 tum
1357 563 1456 597 inter
1472 559 1606 610 praese-
1648 561 1651 599 '1

435 611 515 648 {ios
533 611 694 648 habebat
711 611 833 659 regios
851 634 863 654 ,
894 611 1065 646 inducias
1082 624 1101 646 a
1121 609 1273 647 Lacone
1290 615 1432 661 petivit
1452 638 1464 659 ,
1491 614 1605 651 simu·
1650 642 1651 645 ,

435 666 520 702 lans
538 689 550 709 ,
582 664 617 701 se
635 665 723 700 dare
739 676 894 712 operam
913 675 955 699 ut
973 662 1272 700 Lacedaemoniis
1291 680 1375 701 cum
1408 681 1493 718 rege
1511 682 1603 704 con-

433 721 583 755 veniret
603 733 610 753 :
629 732 666 754 re
683 726 812 751 autem
833 729 918 751 vera
936 716 984 751 ad
1001 718 1129 764 copias
1147 719 1444 765 comparandas:
1466 720 1602 771 easque
1651 722 1654 757 ἑ

432 773 657 820 impetravit
674 767 880 805 trimestres
898 795 905 803 .
936 767 1084 816 Juravit
1101 780 1229 804 autem
1258 781 1416 820 uterque
1433 795 1445 817 ,
1475 771 1511 810 se
1527 773 1604 811 fine
1654 811 1655 816 ,

431 825 523 862 dolo
540 824 714 860 inducias
730 820 1043 858 conservaturum
1061 848 1069 856 .
1102 824 1140 857 in
1159 835 1229 872 qua
1259 823 1435 872 paE'tione
1456 823 1600 863 summa
1653 840 1655 874 {

428 879 504 916 fide
534 877 671 914 mansit
701 874 902 925 Agefilaus
920 889 927 910 :
965 886 1097 912 contra
1129 889 1167 912 ea
1189 875 1471 926 ,Tissaphernes
1501 879 1602 917 nihil
1653 890 1656 925 j

428 932 536 968 aliud
553 945 667 982 quam
685 928 830 965 bellum
862 932 1102 978 comparavit
1120 953 1130 964 .
1159 927 1202 966 Id
1221 929 1284 966 etsi
1318 929 1505 970 sentiebat
1523 932 1602 970 La-
1654 948 1656 965 ε

427 1001 472 1023 co
490 1010 503 1030 ,
533 997 661 1022 tamen
680 982 947 1032 jusjurandum
974 981 1147 1019 servabat
1165 1006 1178 1028 ,
1207 984 1450 1035 multumque
1481 990 1519 1022 in
1554 1001 1598 1024 eo

426 1038 607 1089 consequi
625 1038 660 1075 se
678 1036 828 1073 dicebat
846 1060 859 1081 ‚
886 1037 986 1086 quod
1006 1035 1274 1085 Tiffaphernes
1293 1040 1457 1088 perjurio
1475 1038 1538 1077 suo
1562 1041 1598 1076 &

427 1094 602 1130 homines
619 1091 694 1128 suis
711 1089 819 1126 rebus
835 1089 1073 1127 abalienaret
1091 1113 1104 1134 ,
1121 1090 1156 1125 δί
1173 1088 1281 1127 Deos
1297 1090 1363 1128 fibi
1381 1095 1498 1129 iratos
1516 1093 1601 1130 red-

426 1147 532 1183 deret
551 1161 558 1183 :
589 1144 625 1182 se
640 1154 768 1182 autem
800 1142 947 1180 servata
974 1143 1162 1193 religione
1192 1143 1420 1182 confirmare
1449 1149 1598 1183 exerci-

424 1212 505 1237 tum
527 1213 538 1244 ς
569 1213 653 1236 cum
672 1197 997 1234 animadverteret
1015 1221 1027 1242 ,
1046 1196 1219 1233 Deorum
1238 1212 1378 1235 numen
1396 1197 1521 1236 facere
1541 1198 1596 1236 se-

427 1268 513 1291 cum
532 1277 545 1298 ,
573 1249 822 1301 hominesque
838 1250 904 1287 fibi
922 1251 1122 1287 conciliari
1154 1253 1355 1288 amiciores
1374 1276 1386 1297 ,
1417 1253 1518 1303 quod
1535 1253 1595 1291 his

430 1307 576 1344 studere
598 1303 833 1343 consuessent
852 1317 946 1355 quos
963 1303 1186 1340 conservare
1202 1303 1315 1342 fidem
1335 1306 1511 1343 viderent
1534 1333 1543 1342 .

476 1359 548 1399 ΙΙΙ.
580 1359 783 1409 Postquam
802 1359 1041 1394 induciarum
1059 1360 1240 1407 praeteriit
1257 1358 1338 1395 dies
1359 1383 1371 1403 ,
1385 1358 1564 1397 barbarus
1581 1384 1594 1406 ,
1658 1331 1662 1388 l

426 1429 504 1451 non
521 1413 702 1450 dubitans
719 1436 732 1458 ,
763 1411 861 1462 quod
882 1411 993 1461 ipsius
1011 1421 1117 1448 erant
1136 1410 1302 1460 plurima
1322 1412 1524 1450 domicilia
1555 1416 1604 1451 in'
1658 1401 1663 1463 l

421 1468 541 1505 Caria
559 1489 573 1512 3
602 1468 637 1503 ὅ(
660 1480 701 1503 ea
720 1467 823 1516 regio
841 1464 899 1501 his
916 1464 1153 1514 temporibus
1171 1465 1296 1502 multo
1311 1465 1518 1516 putabatur
1535 1467 1595 1504 lo-
1659 1469 1664 1516 1

424 1519 677 1572 cupletiffima
693 1543 706 1565 ,
736 1533 780 1556 eo
799 1517 1030 1568 potiffimum
1049 1517 1172 1554 hostes
1190 1521 1377 1569 impetum
1395 1518 1562 1557 faiiuroe
1580 1544 1594 1566 ,
1660 1523 1664 1558 Ι

424 1589 558 1613 omnes
589 1573 672 1610 suas
701 1575 831 1623 copias
861 1586 906 1608 eo
939 1583 1183 1609 contraxerat
1201 1599 1210 1607 .
1242 1571 1299 1609 At
1328 1572 1527 1624 Agesilaus
1556 1575 1595 1611 in
1660 1564 1664 1623 ἶ

424 1628 633 1680 Phrygiam
652 1631 687 1664 se
704 1629 898 1664 convertit
916 1649 929 1671 ,
959 1639 1117 1676 eamque
1147 1629 1250 1676 prius
1267 1626 1524 1678 depopulatus
1541 1627 1592 1664 est
1662 1634 1665 1682 ξ

424 1697 539 1733 quam
559 1680 828 1731 Tissaphernes
846 1678 1002 1730 usquam
1021 1679 1244 1717 semoveret
1261 1706 1269 1715 .
1301 1679 1448 1732 Magna
1467 1681 1591 1731 praeda
1662 1699 1665 1735 ἱ

424 1735 618 1773 militibus
637 1734 884 1784 locupletatis
915 1732 1106 1783 Ephesum
1137 1732 1350 1770 hiematum
1384 1736 1593 1772 exercitum
1632 1734 1635 1739 ⁵
1661 1738 1666 1790 l

424 1791 577 1827 reduxit
596 1803 603 1825 :
632 1800 749 1838 atque
766 1787 818 1824 ibi
835 1788 996 1824 officinis
1012 1801 1203 1824 armorum
1227 1786 1412 1824 institutis
1425 1812 1438 1833 ,
1457 1801 1594 1840 magna
1662 1796 1667 1840 J

425 1842 608 1880 industria
628 1840 774 1879 bellum
791 1843 1018 1891 apparavit:
1038 1841 1072 1876 &
1090 1854 1164 1891 quo
1182 1839 1380 1878 studiofius
1396 1855 1593 1878 armaten·
1664 1841 1667 1867 ¹

424 1910 486 1934 tur
502 1921 515 1942 5
546 1894 800 1947 insigniusque
816 1907 1043 1931 ornarentur
1060 1918 1073 1940 ,
1090 1897 1242 1944 praemia
1260 1893 1456 1944 proposuit
1474 1919 1487 1940 ‚
1509 1898 1594 1946 qui-
1663 1871 1667 1937 l

424 1950 493 1987 bus
510 1950 742 1987 donarentur
759 1962 919 1999 quorum
951 1950 1099 1998 egregia
1123 1950 1161 1983 in
1181 1961 1221 1985 ea
1254 1962 1292 1985 re
1321 1947 1449 1986 suisset
1480 1949 1590 1985 indu-

424 2003 510 2040 stria
530 2031 539 2039 .
569 2002 675 2040 Fecit
694 2003 794 2039 idem
814 2005 852 2038 in
869 2005 1189 2039 exercitationum
1207 2001 1406 2052 generibus
1429 2025 1442 2047 ,
1468 2013 1509 2038 ut
1524 2004 1589 2052 qui

424 2060 558 2096 ceteris
574 2055 827 2109 praestitissent
847 2079 862 2102 ‚
890 2070 953 2094 eos
970 2058 1119 2107 magnis
1136 2055 1300 2095 afficeret
1330 2054 1551 2094 muneribus
1567 2082 1577 2090 .

1460 2106 1538 2146 His
