1714 2719
507 156 559 198 64
667 151 1040 193 CORNELII
1095 153 1411 194 NEPOTIS

507 229 578 267 III.
609 229 672 267 Ad
691 231 788 268 hanc
808 234 976 281 corporis
992 231 1215 268 firmitatem
1233 232 1342 282 plura
1368 235 1486 272 eti'a‘m
1500 237 1624 277 animi
1656 228 1665 270 ⁵,

456 280 557 323 bona
579 283 808 321 accesserant
825 311 833 320 .
865 296 944 321 erat
963 288 1063 321 enim
1081 284 1271 322 modestus
1289 309 1302 331 ,
1331 288 1518 336 prudens,
1536 303 1624 340 gra-
1664 315 1671 328 =.

456 341 520 375 vis
537 361 550 383 ,
579 337 816 388 temporibus
834 336 1022 387 sapienter
1038 350 1149 375 utens
1166 362 1179 384 ‚
1204 342 1350 389 peritus
1367 340 1460 377 belli
1478 364 1490 386 ‚
1508 340 1622 383 fortis

452 405 570 431 manu
587 415 600 436 ,
615 394 745 428 animo
760 394 931 428 maximo
953 406 960 428 :
990 392 1085 428 adeo
1104 394 1281 430 veritatis
1299 393 1464 445 diligens
1481 417 1494 439 ,
1511 406 1554 432 ut
1573 409 1622 441 ne

453 447 539 495 joco
556 443 709 494 quidem
736 447 965 481 mentiretur
983 472 990 479 .
1023 444 1130 482 Idem
1159 448 1392 492 continens,
1421 448 1589 485 clemens
1607 472 1622 494 ‚
1659 451 1661 474 '³
1706 483 1709 491 ,

453 497 679 549 patiensque
693 498 960 535 admirandum
987 501 1026 535 in
1042 499 1197 536 modum
1217 514 1223 535 :
1255 514 1332 537 non
1348 499 1469 538 solum
1501 514 1626 552 popu-

455 552 516 597 li,
545 549 605 588 sed
623 554 739 588 etiam
769 554 976 588 amicorum
995 550 1120 589 ferens
1155 555 1340 604 injurias:
1371 554 1625 606 inprimisque

453 605 647 643 commissa
680 605 808 641 celans
834 618 844 649 3
876 605 976 655 quod
994 606 1187 643 interdum
1216 621 1293 644 non
1327 610 1455 644 minus
1472 607 1623 658 prodest

455 671 569 709 quam
590 656 729 694 diserte
745 658 870 694 dicere
887 685 894 692 .
926 657 1123 695 studiosus
1139 660 1319 696 audiendi
1339 687 1347 695 .
1366 675 1410 697 ex
1428 661 1498 699 hoc
1516 664 1622 698 enim

455 712 645 748 facillime
661 709 754 747 disci
788 710 1072 747 arbitrabatur.
1103 710 1240 762 Itaque
1255 726 1340 749 cum
1370 716 1409 749 in
1435 715 1623 752 circulum

456 763 614 802 venisset
634 766 670 799 in
689 777 762 814 quo
791 774 857 800 aut
874 763 919 800 de
955 763 1147 813 republica
1169 764 1455 815 disputaretur,
1483 779 1549 805 aut
1577 769 1624 805 de
1660 767 1663 773 Α

451 816 695 868 philosophia
727 815 846 854 sermo
877 816 1078 854 haberetur
1114 841 1126 863 ,
1156 830 1365 869 numquam
1400 819 1488 857 inde
1517 822 1624 871 prius

454 869 615 908 disceffit
633 884 746 920 quam
763 871 809 908 ad
828 869 941 906 finem
961 869 1082 908 sermo
1098 871 1189 908 esset
1215 872 1396 909 deduffius
1413 900 1421 907 .
1452 872 1623 924 Pauper-
1661 875 1663 887 ⁴

452 936 575 961 tatem
595 924 689 960 adeo
704 922 820 960 facile
849 923 1039 974 perpessus
1056 923 1108 962 est
1125 949 1138 970 ,
1168 923 1209 962 ut
1230 926 1276 963 de
1306 925 1498 976 republica
1516 926 1620 964 nihi}

453 989 586 1029 praeter
602 976 763 1028 gloriam
783 980 924 1027 ceperit
948 1004 956 1012 .
988 977 1214 1015 Amicorum
1233 982 1272 1015 in
1290 978 1326 1016 se
1343 980 1483 1017 tuendo
1498 983 1621 1018 caruit
1660 1018 1664 1028 ‚

454 1027 706 1069 facultatibus
720 1058 728 1066 .
745 1030 818 1067 fide
835 1030 882 1067 ad
898 1030 997 1068 alios
1013 1031 1267 1069 sublevandos
1284 1031 1375 1082 saepe
1391 1032 1438 1070 fic
1452 1032 1536 1070 usus
1553 1032 1621 1079 est,
1661 1029 1664 1039 ’

451 1097 496 1121 ut
514 1084 622 1134 poffit
637 1084 797 1134 judicari
815 1107 828 1129 ,
857 1086 985 1121 omnia
1004 1087 1037 1121 ei
1055 1099 1140 1122 cum
1157 1087 1292 1122 amicis
1324 1084 1436 1122 fuisse
1450 1099 1623 1122 commu-

452 1141 517 1175 nia
541 1165 548 1172 .
579 1135 683 1175 Nam
702 1151 786 1174 cum
809 1149 874 1174 aut
891 1140 1035 1174 civium
1052 1137 1201 1176 suorum
1219 1139 1361 1190 aliquis
1377 1138 1424 1175 ab
1453 1137 1622 1176 hostibus
1662 1131 1663 1142 ¹

452 1190 583 1229 suisset
599 1202 729 1241 captus
747 1215 758 1236 ,
788 1203 853 1227 aut
871 1194 979 1242 virgo
995 1194 1110 1229 amici
1128 1192 1272 1228 nubilis
1290 1204 1442 1242 propter
1460 1205 1624 1242 pauper-

454 1256 576 1282 tatem
593 1244 773 1281 collocari
791 1258 866 1281 non
899 1244 1019 1294 posset
1036 1269 1049 1291 ‚
1078 1249 1289 1282 amicorum
1319 1245 1525 1282 concilium
1554 1245 1624 1281 ha-

453 1297 566 1335 bebat
583 1321 595 1343 ,
612 1300 648 1334 ὅ(
664 1309 848 1348 quantum
866 1297 1025 1348 quisque
1047 1298 1172 1344 daret,
1190 1313 1258 1349 pro
1273 1297 1525 1336 facultatibus
1545 1300 1620 1335 i‘m-
1661 1293 1664 1316 ³

453 1351 611 1402 perabat
627 1377 636 1387 .
667 1365 826 1402 eamque
858 1350 1043 1388 summam
1061 1366 1146 1389 cum
1172 1351 1311 1389 faceret
1331 1375 1344 1397 ,
1373 1355 1476 1401 prius
1497 1365 1612 1402 quam

453 1407 642 1455 acciperet
659 1407 857 1454 pecuniam
876 1428 888 1449 ,
917 1405 1126 1442 adducebat
1144 1419 1229 1442 eum
1247 1408 1312 1456 qui
1330 1404 1516 1455 quaerebat
1542 1429 1555 1451 ,
1571 1405 1620 1442 ad

453 1471 518 1496 eos
536 1461 601 1509 qui
618 1457 861 1495 conserebant
881 1472 888 1494 :
919 1460 1028 1509 eique
1044 1470 1084 1495 ut
1102 1459 1169 1509 ipsi
1195 1470 1439 1495 numerarent
1457 1481 1469 1502 ‚
1500 1456 1618 1495 facie-

456 1511 524 1549 bat
541 1536 555 1558 ³
582 1524 624 1548 ut
642 1511 710 1548 ille
725 1511 773 1547 ad
791 1524 902 1561 quem
921 1524 960 1548 ea
981 1526 1037 1549 res
1054 1511 1302 1562 perveniebat
1319 1535 1332 1558 ,
1351 1511 1479 1558 sciret,
1497 1525 1618 1562 quan-

456 1576 538 1603 tum
562 1569 697 1616 cuique
714 1564 865 1602 deberet
883 1589 895 1601 .

509 1617 582 1655 IV.
603 1617 768 1655 Tentata
783 1630 909 1655 autem
928 1619 1006 1669 ejus
1023 1617 1073 1655 est
1089 1618 1320 1656 abstinentia
1337 1633 1357 1656 a
1375 1617 1621 1656 Diomedon-

459 1684 499 1710 te
528 1671 726 1720 Cyziceno
743 1699 751 1707 .
781 1670 962 1723 Namque
989 1674 1019 1709 is
1049 1686 1183 1724 rogatu
1200 1671 1430 1710 Artaxerxis
1461 1671 1623 1722 Epami-

458 1726 628 1763 nondam
645 1727 801 1775 pecunia
821 1726 1136 1774 corrumpendum
1167 1725 1377 1776 susceperat
1398 1754 1406 1761 .
1437 1722 1518 1762 Hic
1543 1738 1625 1761 ma-

459 1794 535 1830 gno
565 1793 648 1815 cum
679 1779 844 1828 pondere
873 1781 954 1815 auri
974 1777 1124 1816 Thebas
1159 1781 1266 1817 venit
1283 1804 1297 1825 ,
1329 1780 1363 1816 ὃ(
1398 1779 1624 1827 Micythum

460 1831 786 1869 adolescentulum
804 1834 971 1882 quinque
987 1832 1150 1870 talentis
1165 1833 1212 1869 ad
1232 1832 1335 1869 suam
1353 1832 1530 1882 perduxit
1558 1846 1626 1869 vo-

462 1887 652 1922 luntatem
671 1900 678 1921 :
709 1899 819 1935 quem
838 1897 918 1922 tum
935 1885 1225 1934 Epaminondas
1255 1886 1463 1936 plurimum
1486 1885 1623 1936 dilige-

461 1940 555 1985 bat.
585 1938 788 1985 Micythus
817 1937 1127 1988 Epaminondam
1146 1942 1329 1977 convenit
1345 1963 1358 1985 ,
1389 1940 1425 1975 &
1460 1938 1621 1976 cauisam

462 1993 650 2035 adventus
667 1989 943 2030 Diomedontis
973 1992 1137 2029 ostendit
1155 2020 1163 2028 .
1195 1991 1252 2030 At
1270 1993 1338 2030 ille
1358 1991 1622 2029 Diomedonte

459 2054 589 2086 eoram
607 2068 620 2091 ³
650 2043 764 2082 Nihil
777 2069 790 2092 ,
820 2048 945 2096 inquit
963 2070 976 2093 ,
1004 2055 1088 2094 epm
1097 2048 1248 2095 pecunia
1262 2046 1308 2094 est
1325 2073 1333 2082 .
1363 2059 1444 2083 nam
1461 2045 1550 2092 fica
1567 2056 1626 2079 rex

1488 2096 1570 2136 vult
