1714 2719
328 171 780 212 EUMENES.
866 170 1067 210 XVIII.
1182 173 1229 218 85

110 254 286 292 ciendam
304 255 512 304 imperavit
529 266 642 303 quam
661 252 848 301 piurimos
865 263 966 287 utres
986 275 999 295 ,
1026 262 1141 303 atquc
1157 255 1277 290 ctiam

108 309 255 346 culleos
270 309 482 357 comparari
501 321 508 342 :
540 305 620 356 post
638 306 712 342 haec
739 304 920 354 pabulum
939 319 946 339 τ
979 318 1152 354 praeterea
1171 306 1276 344 ciba-

107 364 163 399 ria
194 360 297 399 coela
328 362 474 398 dierum
504 360 636 397 decem
655 374 662 396 :
694 370 811 408 utque
828 371 942 408 quam
975 361 1135 396 minime
1168 360 1275 397 {ieret

107 417 207 467 ignis
225 417 264 451 in
281 413 411 452 castris
427 441 436 449 .
466 412 546 450 lter
563 413 664 464 quod
681 411 843 448 habebat
861 435 874 455 ,
904 426 1035 449 omncs
1055 413 1153 450 celat
1173 441 1180 448 .
1213 414 1276 453 Sic

106 480 260 519 paratus
277 491 289 509 s
319 482 391 519 qna
409 465 657 505 constituerat
680 491 692 512 ‚
718 463 993 514 proficiscitur.

157 519 232 559 IX.
264 519 484 558 Dimidium
502 520 581 558 sere
597 519 764 570 spatium
783 517 1000 556 confecerat
1017 543 1029 564 ,
1047 534 1131 558 cum
1148 535 1193 558 ex
1212 520 1272 558 fu.

102 588 168 613 mo
184 574 390 614 castrorum
407 577 486 626 ejus
506 573 666 624 suspicio
683 574 803 611 allata
818 571 868 609 est
886 573 931 609 ad
950 571 1161 612 Eumenem
1175 599 1187 620 ‚
1206 575 1275 612 ho-

104 627 196 666 stem
214 632 523 680 appropinquare
540 656 547 664 .
566 627 817 665 Conveniunt
836 627 967 663 duces.
987 631 1164 677 queritur
1181 629 1275 679 quid

102 697 198 734 opus
216 683 258 721 sit
276 683 377 721 fam
394 711 402 719 .
434 682 713 733 Intelligebant
731 694 862 718 omnes
880 704 892 725 ,
918 692 998 716 tam
1016 685 1187 720 celeriter
1210 698 1273 720 co-

104 740 186 786 pias
205 736 370 788 ipsorum
387 736 562 774 contrahi
586 750 660 773 non
682 734 785 785 posse
801 758 814 779 ‚
833 747 946 784 quam
965 732 1187 785 Antigonus
1204 737 1274 774 ad-

105 789 258 828 futurus
276 790 477 827 videbatur
493 817 501 824 .
533 788 614 826 Hic
643 787 820 825 omnibus
851 787 1111 826 titubantibus
1133 814 1146 836 ,
1175 791 1210 827 ὃ(
1227 790 1274 828 de

103 843 214 882 rebus
230 843 386 881 summis
404 842 690 892 desperantibus
716 867 729 887 ,
759 841 951 879 Eumenes
981 845 1036 879 ait
1054 866 1066 887 ,
1096 843 1120 879 sl
1138 844 1272 882 celeri-

102 908 224 934 tatem
244 898 367 934 velint
384 897 593 942 adhibere,
624 897 862 946 &imperata
881 894 1004 932 facere
1018 919 1031 939 ‚
1061 898 1161 946 quod
1180 910 1271 934 ante

101 963 178 986 non
195 948 356 987 fecerint
374 973 387 993 ‚
417 949 453 987 se
469 963 547 986 rem
565 950 833 998 expediturum
853 975 859 981 .
894 946 998 985 Nun
1017 950 1118 999 quod
1135 951 1269 988 diebus

100 1005 271 1053 quinque
287 1002 401 1040 hostis
420 1003 578 1040 transire
613 1002 735 1052 posset
754 1025 767 1046 ,
797 1001 833 1038 se
866 1000 1087 1039 effeRurum
1117 1015 1158 1040 ut
1190 1018 1269 1041 non

99 1058 228 1093 minus
244 1057 408 1093 totidem
427 1057 572 1094 dierum
591 1055 715 1106 spatio
732 1055 1010 1092 retardaretur.
1043 1057 1173 1117 Qare
1198 1060 1275 1095 cir-

97 1112 287 1147 cumirent
318 1134 331 1155 ,
362 1109 518 1161 suasque
548 1109 707 1161 quisque
736 1110 865 1158 copias
894 1110 1136 1147 contraheret
1163 1138 1172 1146 .
1204 1109 1272 1149 Ad

99 1162 294 1214 Antigoni
312 1176 443 1200 autem
462 1163 731 1201 refrenandum
750 1165 936 1211 impetum
954 1162 1034 1199 tale
1049 1166 1154 1213 capit
1177 1178 1272 1201 con-

98 1216 224 1253 silium
242 1244 250 1251 .
281 1215 421 1254 Certos
437 1219 563 1254 mittit
582 1217 755 1253 homines
771 1217 818 1252 ad
837 1215 990 1252 infimos
1007 1229 1157 1254 montes
1171 1241 1184 1263 ‚
1201 1222 1271 1268 qui

98 1270 205 1307 obvii
222 1282 312 1307 eant
343 1273 474 1307 itineri
490 1269 796 1307 adversariorum
815 1284 822 1305 :
854 1267 987 1319 hisque
1018 1273 1195 1321 praecepit
1227 1283 1271 1309 ut

98 1327 221 1374 prima
239 1322 349 1361 neele
366 1337 479 1375 quam
498 1323 676 1360 latiffime
693 1322 848 1372 poffint,
865 1324 971 1373 ignes
987 1321 1133 1361 faciant
1152 1338 1268 1376 quam

98 1380 315 1415 maximos:
345 1389 461 1428 :itque
477 1377 544 1415 hos
563 1376 724 1414 secunda
743 1375 880 1426 vigilia
913 1378 1091 1415 minuant
1109 1402 1122 1423 ,
1152 1381 1267 1416 tertia

99 1433 326 1481 perexiguos
344 1431 504 1468 reddant
522 1455 535 1476 ‚
552 1442 594 1468 ut
611 1429 824 1466 affimulata
843 1428 1047 1468 castrorum
1064 1431 1267 1469 consuetu-

99 1484 189 1521 dine
206 1483 458 1534 suspicionem
477 1486 653 1536 injiciant
670 1482 840 1521 hostibus
859 1507 872 1527 ,
903 1483 960 1520 his
978 1485 1074 1522 locis
1104 1485 1178 1523 esse
1205 1500 1269 1524 ca-

100 1535 172 1574 stra
190 1560 204 1584 ³
232 1551 277 1575 ac
292 1538 338 1575 de
354 1551 484 1575 eorum
500 1538 668 1575 adventu
686 1536 758 1574 else
790 1540 1087 1587 praenuntiatum
1107 1554 1114 1575 :
1147 1539 1268 1577 idem—

99 1605 173 1642 que
184 1590 332 1641 postera
351 1591 462 1630 no&e
477 1590 622 1630 faciant
639 1619 648 1628 .
679 1591 833 1644 Quibus
850 1594 1082 1641 imperatum
1099 1605 1197 1638 erat,
1210 1595 1269 1630 di-

99 1645 267 1696 ligenter
282 1658 509 1696 praeceptum
525 1657 658 1684 curant
676 1674 684 1682 .
716 1644 942 1696 Antigonus
967 1647 1135 1684 tenebris
1153 1647 1266 1684 obor-

100 1701 151 1735 tis
169 1701 275 1748 ignes
291 1698 556 1749 conspicatur:
586 1699 707 1737 credit
725 1699 770 1735 de
788 1697 851 1735 suo
879 1700 1049 1737 adventu
1067 1699 1138 1738 esse
1154 1700 1265 1737 audi-

98 1763 182 1789 tum
204 1777 217 1798 ,
234 1753 269 1788 &
285 1752 522 1790 adversarios
539 1753 633 1792 illuc
650 1752 732 1790 suas
749 1751 979 1790 contraxisse
995 1757 1125 1804 copias
1143 1782 1151 1789 .
1182 1768 1268 1791 mu-

98 1817 156 1842 tat
186 1805 388 1843 consilium
407 1821 420 1851 ς
450 1808 486 1843 &
516 1809 697 1858 quoniam
728 1806 990 1857 imprudentes
1018 1809 1160 1846 adoriri
1189 1821 1268 1845 nou

100 1858 222 1910 posset
239 1883 253 1904 ,
283 1859 401 1897 fleffit
420 1862 493 1898 iter
509 1860 613 1898 suum
631 1885 644 1906 ‚
674 1862 708 1898 ὅ(
725 1861 839 1897 illum
855 1859 1082 1899 amfra&um
1114 1863 1268 1912 longio-

98 1925 180 1950 rem
199 1912 355 1963 copiosae
374 1916 441 1951 viae
458 1917 562 1965 capit
579 1938 593 1960 ,
622 1914 750 1966 ibique
766 1916 868 1952 diem
893 1928 1011 1952 unum
1037 1918 1235 1966 opperitur
1252 1938 1265 1960 ‚

98 1967 147 2003 ad
166 1966 422 2004 lassitudinem
441 1966 645 2005 sedandam
675 1967 848 2006 militum
866 1991 879 2013 ‚
908 1981 952 2005 ac
976 1969 1178 2007 reficienda
1206 1969 1267 2020 ju-

96 2031 229 2060 menta
247 2044 261 2064 ‚
292 2034 367 2072 quo
385 2023 589 2073 integriore
607 2025 775 2059 exercitu
792 2023 1009 2059 decerneret
1027 2049 1036 2058 .

156 2072 210 2112 X.
241 2071 322 2113 Hic
338 2073 529 2115 Eumenes
546 2075 732 2116 callidum
763 2079 1035 2166 {iaperatorem
1054 2080 1149 2116 vicit
1178 2089 1267 2120 con-

858 2141 875 2176 3
1101 2130 1185 2169 silio
1201 2154 1215 2178 2
