1714 2719
528 137 985 178 ,VARIANTES
1027 139 1468 191 LECTIONES.

413 233 473 263 42.
494 231 553 266 29.
570 217 909 269 Carthaginienses
926 217 1197 273 suspexerunt)
1213 224 1574 278 Cartbaginenfhssu..

560 270 742 320 [ceperunt
757 271 788 321 J.
807 269 858 308 A.

411 339 472 374 43.
496 338 553 368 14.
572 328 740 376 graviter
756 326 886 374 )gravi
903 325 936 375 J.

493 390 549 423 15.
567 377 747 427 ab)deJ.
767 377 816 415 A.

490 443 552 469 21.
573 432 710 480 Defimt
726 445 809 468 cum
827 446 870 468 eo
885 430 916 479 J.
936 430 987 469 A.
1484 471 1490 475 ,

490 497 548 523 22.
567 498 660 535 aeger
676 484 800 521 sumto
818 508 830 529 ,
849 483 978 521 somno
994 485 1010 533 )
1024 486 1347 537 ergofiemtosomno
1375 490 1407 540 J.
1434 490 1486 527 A.

489 551 550 584 27.
568 536 745 588 Cumque
762 536 869 574 Dion
887 551 963 573 non
981 537 1188 589 desineret)
1203 554 1281 577 cum
1295 545 1395 580 Dion
1408 557 1475 580 non
1488 542 1572 591 defi-

559 590 669 638 steret
684 590 713 639 J.
734 603 812 625 cum
829 592 924 625 Dion
938 603 1006 625 non
1019 589 1181 636 defineret
1199 592 1249 633 A,

493 657 549 691 31.
568 647 735 680 amicum
754 643 768 690 )
786 645 968 677 inimicum
984 642 1035 679 A.
1053 656 1093 680 at
1109 658 1306 695 perperam
1323 674 1333 684 ,

491 710 508 744 3
519 711 551 733 2.
569 696 767 744 tyrannidi
784 695 799 742 )
815 698 977 741 tyrannis
990 695 1022 745 J.

492 761 548 796 35.
568 760 609 785 ut
639 750 654 797 )
671 759 713 784 ut
727 750 760 783 ei
774 747 806 797 J.

409 816 472 847 44.
495 815 552 844 14.
570 802 673 848 Deest
703 802 816 852 quam
829 800 860 850 J.

487 867 547 893 22.
569 855 765 906 postquam
783 856 798 903 )
815 865 858 889 ut
868 855 1049 903 postquam
1065 854 1119 892 A.

485 921 547 951 24.
567 920 608 946 ut
626 907 661 945 se
677 922 697 945 e
713 907 903 958 superiore
918 908 935 957 )
949 909 1038 957 utse
1048 909 1217 958 superiore
1231 910 1307 960 J·ft
1326 912 1502 961 superiore
1518 912 1569 949 A.

490 975 547 1008 30.
565 963 741 1011 tyrannis
757 963 771 1010 )
788 972 961 1007 tyrannus
975 962 1007 1011 J.
1027 961 1078 999 A.

491 1028 548 1062 33.
565 1016 654 1052 odio
669 1015 684 1064 )
697 1013 770 1050 odii
785 1014 816 1063 J.

408 1080 468 1115 45.
517 1081 548 1114 3.
566 1068 729 1118 perculit
745 1066 924 1115 >pertulit
939 1067 970 1115 J.
996 1067 1047 1104 A.
1065 1068 1169 1105 male
1185 1094 1195 1103 .

515 1133 551 1162 4.
569 1123 751 1170 attigerat
767 1120 781 1167 )
797 1122 964 1165 attigerit
978 1118 1009 1167 J.
1025 1133 1221 1170 perperam
1238 1147 1248 1157 .

489 1175 546 1210 18.
566 1172 775 1221 Dionysius
792 1175 807 1220 )
824 1174 920 1207 Dion
934 1171 966 1221 J.
985 1171 1037 1208 A.

488 1229 547 1263 26.
567 1239 650 1263 eum
669 1250 682 1271 ,
700 1227 734 1262 3<
753 1223 1002 1262 Heraclidem
1019 1225 1128 1274 )eum
1144 1224 1439 1273 Heraclide-mque
1466 1227 1517 1265 A.

487 1291 549 1327 27.
569 1279 670 1326 Deest
686 1277 812 1315 Dioni
828 1277 859 1326 J.
880 1277 930 1314 A.

565 1332 772 1370 concedens
789 1331 804 1379 )
819 1329 1020 1367 concedebat
1034 1331 1066 1381 J.
1093 1332 1145 1369 A.

489 1398 547 1432 30.
565 1385 665 1432 Deest
680 1386 751 1422 hoc
767 1385 821 1421 A.

488 1453 546 1487 34.
565 1439 766 1476 videbatur
778 1462 791 1484 ,
813 1435 849 1474 se
865 1451 954 1474 omn
962 1440 994 1474 ia
1011 1437 1073 1487 )fi’
1088 1441 1204 1474 omnia
1221 1437 1407 1476 videbatur
1421 1439 1452 1489 J.
1479 1438 1529 1476 A.

406 1496 469 1537 46.
493 1507 549 1542 19.
567 1494 602 1530 &
619 1490 796 1543 quorsum
813 1491 1019 1527 evaderent
1039 1492 1054 1540 )
1071 1502 1114 1527 ut
1131 1493 1290 1541 quorsum
1302 1492 1463 1530 evaderet
1478 1492 1568 1543 J.A.

488 1560 550 1592 27.
568 1548 718 1582 animos
734 1545 750 1594 )
765 1546 894 1580 amicos
908 1542 940 1592 J.
958 1543 1010 1581 A.
1029 1544 1090 1582 sed
1108 1558 1305 1597 pei-petam
1322 1574 1330 1582 .

487 1613 546 1648 29.
565 1600 707 1649 excipit
723 1598 738 1647 )
753 1599 886 1645 excepit
901 1597 932 1646 J.
951 1596 1003 1634 A.

491 1665 551 1701 32.
567 1654 870 1702 conjurationem
887 1651 902 1699 )
917 1651 1162 1696 conjuratione
1175 1651 1206 1702 J.
1228 1651 1280 1690 A.

405 1719 467 1754 47.
516 1717 547 1751 5.
565 1705 667 1751 Deest
682 1705 729 1740 ab
746 1707 899 1753 incepto
913 1703 944 1752 J.
963 1704 1013 1740 A.

515 1772 550 1804 7.
569 1757 781 1809 perfecisset
798 1755 962 1806 )fi’ct[ffi⁹t
977 1756 1007 1806 J.
1027 1757 1077 1793 A.

491 1826 548 1850 10.
568 1823 756 1848 remotum
774 1810 809 1847 se
825 1810 887 1858 )st.’
903 1821 1068 1846 remotum
1083 1809 1112 1859 J.
1133 1811 1183 1847 A.

489 1878 546 1903 12.
565 1864 798 1902 discederent
815 1864 829 1912 )
845 1862 1062 1911 dtfiedebant
1076 1863 1107 1912 J.
1128 1864 1178 1900 A.

489 1931 549 1961 14.
571 1917 856 1967 Philocratique
872 1918 887 1965 )
905 1915 1176 1964 Philocratoque
1189 1917 1222 1969 J.

492 1984 549 2016 17.
568 1985 588 2008 e
605 1970 793 2019 numero)
810 1970 911 2016 Deest
927 1984 945 2007 e
974 1969 1005 2019 J.
1024 1969 1074 2006 A.

565 2023 805 2075 Zacynthios
822 2023 839 2076 )
856 2026 1071 2072 Saguntinos
1088 2023 1118 2074 J.

1376 2091 1438 2125 47.
1457 2079 1516 2115 26.
