1714 2719
0 141 3 185 l

121 1345 144 1382 P

79 1507 103 1544 ‘l

310 180 770 222 DATAMEs.
856 180 997 219 X1v.
1139 193 1184 230 59

75 266 272 322 praefcRus
287 268 458 316 equitum
477 289 485 298 ·
507 264 537 299 is
553 261 761 312 desperatis
776 266 906 313 generi
926 264 1034 300 rebus
1050 263 1096 300 ad
1114 263 1236 301 hostes

76 320 284 372 transfugit
305 346 314 355 .
341 317 384 354 Id
402 316 588 354 Datames
605 327 646 353 ut
663 317 815 353 audivit
832 340 845 360 ‚
875 315 983 354 sensit
1004 341 1016 363 ,
1047 317 1069 353 si
1090 320 1126 353 in
1158 328 1237 354 tur-

73 375 160 413 bam
176 372 338 417 exisset,
364 371 413 408 ab
442 370 596 407 homine
620 382 698 406 tam
727 368 931 406 necessario
962 370 998 407 se
1027 370 1200 408 relifihuu
1221 395 1235 416 ,

75 428 245 466 futurum
262 436 302 463 ut
319 426 433 462 ceteri
451 423 648 461 consilium
676 422 942 472 sequerentur:
980 426 1018 460 iu
1038 424 1175 475 vulgus
1197 438 1240 460 c-

75 483 132 519 dit
148 505 162 526 ‚
181 480 246 517 suo
259 477 355 530 jussu
372 476 726 515 Mithrobarzanem
746 475 954 526 profeRum
974 490 1042 526 pro
1059 476 1235 528 perfuga,

75 548 150 587 quo
164 533 317 571 facilius
332 542 501 581 receptus
518 529 744 567 interficeret
765 528 886 567 hostes
906 557 914 565 .
932 543 1048 580 quare
1064 532 1232 581 relinqui

74 601 159 626 eum
175 600 250 624 non
268 598 335 636 par
350 583 423 622 effe
439 608 453 629 ,
481 583 540 620 sed
558 597 687 620 omnes
705 582 901 620 confestim
920 582 1045 634 sequi.
1093 585 1193 634 quod
1213 583 1235 621 fi

75 644 206 678 animo
223 638 369 676 strenuo
385 636 574 683 fecissent,
591 636 761 673 futurum
779 649 819 674 ut
834 637 1042 674 adversarii
1059 652 1134 674 non
1152 636 1239 688 pos-

74 693 155 732 sent
173 691 349 737 resistere,
364 705 449 729 cum
466 692 500 727 ὅ(
519 694 616 728 intra
637 690 810 735 vallum,
827 692 862 727 &
882 690 975 727 soris
990 691 1234 728 caederentur.

77 746 166 785 Hac
183 761 220 784 re
236 745 394 796 probata
412 746 620 782 exercitum
634 743 1136 789 educit,Mithrobarzanem
1154 758 1239 795 per-

76 800 113 839 se
143 802 260 844 uitur,
281 801 345 850 qui
362 798 451 835 dum
468 798 515 834 ad
532 797 653 835 hostes
670 811 910 848 pervenerat,
931 797 1119 836 Datames
1137 798 1238 850 signa

78 815 209 892 iniit-tri
225 852 328 903 jubet
346 879 354 887 .
387 851 513 888 Pisidae
530 865 626 888 nova
646 865 684 887 re
699 854 881 888 commoti
900 876 912 895 ,
945 854 982 888 in
1014 854 1236 902 opinionem

75 907 314 944 adducuntur
330 927 342 950 ‚
401 903 550 955 erfugas
566 904 665 940 mala
685 903 758 940 fide
773 905 1056 956 compositoque
1073 905 1201 942 fecill'e
1221 929 1239 951 ,

77 972 117 997 ut
134 961 305 1008 recepti,
321 919 440 994 efflent
456 958 591 1007 majori
608 957 826 994 calamitati
844 985 852 993 .
880 961 1045 1008 primum
1063 972 1127 996 eos
1143 960 1237 996 ado-

75 1015 226 1050 riuntur
243 1038 251 1046 .
281 1008 348 1046 Illi
386 1034 398 1056 ,
413 1023 497 1047 cum
528 1010 618 1061 quid
652 1023 827 1060 ageretur
843 1035 855 1056 ,
884 1023 951 1047 aut
968 1025 1083 1062 quare
1100 1011 1205 1048 fieret
1222 1036 1238 1057 ,

76 1069 293 1117 ignorarent
311 1087 325 1108 ,
341 1063 459 1100 coaeii
478 1062 562 1100 sunt
578 1077 664 1100 curn
682 1066 737 1100 eis
754 1076 922 1115 pugnare
938 1066 985 1102 ad
1003 1079 1097 1116 quos
1113 1064 1239 1102 trans-

77 1121 199 1156 ierant
216 1141 229 1163 ,
246 1116 292 1154 ab
323 1116 454 1167 hisque
470 1115 564 1153 stare
581 1130 674 1168 quos
706 1117 940 1168 reliquerant
958 1146 965 1153 .
997 1119 1134 1168 quibus
1151 1133 1235 1156 cum

77 1175 201 1210 neutri
220 1183 417 1220 parcerent
429 1194 441 1214 ‚
457 1171 632 1207 celeriter
648 1169 732 1206 sunt
748 1171 884 1208 concifi
904 1204 912 1212 .
932 1171 1128 1223 Reliquos
1145 1172 1240 1209 Pisi-

75 1226 142 1263 das
159 1223 364 1261 resistentes
382 1222 570 1260 Datames
588 1225 764 1262 invadit:
794 1228 921 1274 primo
939 1228 1083 1275 impetu
1105 1225 1238 1276 pellit,

76 1277 266 1329 fugientes
284 1275 534 1326 persequitur,
550 1277 695 1314 multos
713 1278 896 1316 interficit
910 1303 924 1324 ,
941 1278 1057 1316 castra
1075 1278 1238 1317 hostium

76 1346 115 1370 ca
150 1334 178 1368 it
196 1358 205 1366 .
238 1329 327 1367 Tali
344 1329 501 1367 consilio
517 1344 594 1367 uuo
611 1342 782 1382 tempore
811 1333 847 1368 &
877 1333 1090 1383 proditores
1107 1347 1241 1384 percu-

78 1385 125 1422 lit
143 1409 156 1430 ‚
184 1385 220 1421 &
236 1382 357 1421 hostes
373 1384 595 1435 profligavit
614 1398 621 1420 :
648 1386 682 1420 ὅ(
700 1386 799 1436 quod
825 1385 873 1422 ad
904 1385 1008 1423 suam
1025 1389 1235 1437 perniciem

78 1438 201 1477 suerat
218 1439 427 1488 cogitatum
445 1461 457 1482 ,
488 1438 524 1473 id
541 1438 589 1474 ad
606 1437 766 1475 salutem
800 1443 995 1477 convertit
1014 1469 1022 1476 .
1054 1443 1144 1501 Qo
1174 1456 1242 1479 ne-

107 1506 151 1529 ue
176 1494 325 1528 acutius
351 1491 467 1527 ullius
498 1494 740 1541 imperatoris
756 1496 969 1546 cogitatum
986 1518 1000 1541 ‚
1029 1508 1150 1546 neque
1179 1509 1242 1533 ce·

81 1547 198 1584 letius
216 1543 356 1581 saelum
374 1543 529 1595 usquam
547 1546 708 1596 legimus
724 1573 732 1581 .

133 1597 222 1635 VII.
254 1597 317 1634 Ab
333 1598 404 1635 hoc
418 1610 545 1635 tamen
563 1602 645 1636 viro
661 1599 849 1638 Schismas
879 1603 1052 1638 maximo
1070 1614 1163 1639 natu
1193 1601 1240 1639 fi-

80 1654 156 1690 lius
173 1649 306 1689 desciit
323 1675 336 1696 ,
366 1652 402 1687 8(
417 1651 464 1688 ad
481 1665 604 1704 regern
620 1653 770 1691 transiit
789 1679 801 1700 ,
827 1655 862 1691 ὃ(
879 1656 926 1692 de
942 1655 1157 1694 defeffione
1173 1669 1241 1706 pa-

80 1709 150 1744 tris
165 1705 306 1742 detulit
323 1732 331 1740 .
362 1707 452 1760 Quo
468 1709 604 1744 nuntio
620 1706 856 1746 Artaxerxes
876 1721 1091 1748 commotus
1108 1734 1122 1756 ,
1139 1711 1240 1760 quod

82 1758 325 1810 intelligebat
345 1758 410 1795 fibi
427 1773 512 1796 cum
530 1763 613 1797 viro
631 1759 722 1798 forti
740 1775 784 1799 ac
800 1761 950 1800 strenuo
967 1767 1164 1815 negotium
1183 1763 1242 1801 es-

82 1812 118 1851 se
134 1837 147 1858 ,
176 1815 342 1863 quicum
358 1812 555 1864 cogitasset
574 1838 586 1859 ‚
615 1813 738 1853 facere
753 1816 909 1853 auderet
921 1841 932 1862 ‚
963 1817 999 1853 ὃ(
1015 1821 1118 1867 prius
1134 1821 1241 1869 cogi-

81 1880 163 1904 tare
179 1879 291 1917 quam
308 1869 436 1903 conari
454 1866 660 1905 consuesset
676 1893 689 1914 ,
718 1867 1055 1920 Autophradaten]
1074 1875 1112 1908 in
1131 1871 1237 1921 Cap-

81 1921 280 1972 padociam
296 1923 422 1958 mittit
438 1947 447 1955 .
479 1918 560 1959 Hic
574 1936 622 1959 ne
639 1925 781 1960 intrare
796 1923 917 1974 posset
933 1923 1073 1962 saltum
1105 1928 1143 1962 in
1162 1939 1238 1976 quo

80 1973 231 2011 Ciliciae
246 1985 359 2024 portae
376 1973 461 2011 sunt
478 1974 550 2012 fitae
563 2000 575 2021 ,
593 1974 780 2014 Datames
795 1990 1054 2028 praeoccupare
1070 1977 1213 2017 studuit
1229 2006 1239 2017 .

84 2027 142 2065 sed
161 2040 239 2064 tam
258 2026 382 2065 subito
397 2031 525 2078 copias
541 2030 762 2068 contrahere
779 2045 855 2068 non
872 2035 1001 2082 potuit
1019 2059 1027 2067 .
1057 2031 1094 2070 A
1112 2047 1184 2084 qua
1202 2047 1241 2071 re

84 2080 260 2133 depulsus
278 2105 291 2128 ,
318 2095 404 2120 cum
419 2095 460 2120 ea
478 2096 594 2120 manu
610 2097 723 2135 quam
741 2097 984 2124 contraxerat
1000 2110 1012 2134 ,
1033 2086 1158 2124 locum
1177 2087 1244 2125 de·

1096 2141 1192 2193 legit
