1714 2719
337 133 838 175 HANNIBAL.
901 133 1074 171 XXII.
1166 147 1228 170 101

174 219 247 257 IV.
281 217 367 256 Hac
381 220 509 267 copias
525 217 695 253 traduxit
715 239 727 259 ‚
760 219 796 252 in
816 214 1047 265 Italiamque
1078 227 1177 263 pcrv1
1195 217 1254 250 uit
1271 239 1279 247 .

122 274 361 311 Conflixerat
381 271 480 320 apud
500 269 736 307 Rhodanum
754 282 838 306 cum
858 267 1088 305 P-Coruelio
1105 268 1283 318 Scipione

122 326 276 364 consule
293 349 307 370 ,
334 337 496 374 eumque
512 324 710 372 pepulerat
729 348 737 357 .
768 321 867 358 Cum
886 322 954 358 linc
972 322 1102 358 eodem
1121 322 1165 357 de
1188 320 1285 357 Cla·-

122 379 235 417 stidio
251 378 348 428 apud
366 376 510 413 Padum
529 375 697 412 decernit
716 389 723 410 :
756 373 920 411 saucium
940 375 1025 411 inde
1042 388 1085 410 ac
1103 373 1186 423 suga
1197 388 1278 410 tum

122 434 288 470 dimittit
312 456 322 466 .
369 428 504 466 Tertio
535 428 632 464 idem
668 429 794 477 Scipio
823 442 907 465 cum
938 428 1085 477 collega
1122 426 1281 464 Tiberio

121 485 258 536 Longo
271 483 371 533 apud
389 481 568 519 Trebiam
586 482 764 519 adversus
780 495 864 518 eum
884 484 1005 517 venit.
1020 494 1103 517 curn
1123 480 1182 516 his
1199 494 1282 517 ma-

122 552 213 575 num
230 535 418 574 conseruit
435 551 443 572 ε
462 533 644 584 utrosque
661 535 880 585 profligavit
893 561 900 570 .
931 533 1024 570 Inde
1043 547 1105 582 per
1124 532 1284 583 Ligures

120 591 369 640 Apenninum
388 588 554 633 transiit,
575 600 706 639 petens
726 587 942 624 Etruriam.
963 585 1051 624 Hoc
1069 587 1284 624 itineread-

119 658 164 681 eo
179 646 286 694 gravi
303 643 436 679 morbo
451 643 614 679 afficitur
629 641 826 678 oculorum
841 666 852 686 ,
871 654 911 678 ut
928 639 1053 691 postea
1071 654 1280 690 numquam

120 697 254 734 dextro
271 709 372 746 aeque
390 696 483 732 bene
501 694 584 731 usus
603 695 644 731 sit
662 722 670 730 .
702 696 788 755 Qu
808 695 1031 731 valetudine
1061 707 1144 730 cum
1162 697 1282 731 etiam

121 762 352 800 premeretur
368 773 381 792 ‚
411 748 621 798 lcSlicaque
638 746 799 785 serretur
816 771 828 790 ,
857 747 904 785 C.
923 746 1158 785 Flaminium
1190 761 1282 784 con-

122 802 239 840 sulem
257 803 355 852 apud
376 800 637 838 Trasimenum
655 815 740 838 cum
760 804 928 838 exercitu
947 800 1090 837 insidiis
1120 803 1284 837 circum-

123 869 280 893 ventum
297 855 438 892 occidit
456 882 464 889 .
496 868 616 904 neque
631 855 755 890 multo
773 853 852 902 post
875 853 922 890 C.
939 852 1173 891 Centenium
1191 866 1284 902 prae-

122 921 244 946 torem
263 931 276 953 ‚
303 921 387 944 cum
405 906 548 944 dele-&a
568 920 683 944 manu
715 905 834 943 saltus
865 919 1116 956 occupantem
1133 934 1141 941 .
1174 904 1284 942 Hinc

122 965 161 998 in
178 961 364 1011 Apuliam
382 963 555 1009 pervenit
573 987 581 994 .
600 958 659 996 Ibi
676 959 830 996 obviam
849 961 881 995 ei
901 971 1084 996 venerunt
1102 959 1176 996 duo
1191 973 1284 996 con-

122 1014 220 1052 sules
238 1038 251 1059 ‚
278 1013 325 1050 C.
347 1012 550 1050 Terentius
571 1012 693 1049 Varro
711 1036 722 1056 ‚
753 1013 788 1048 &
816 1011 862 1049 L.
884 1011 1041 1048 Paullus
1060 1010 1257 1049 AEmilius
1274 1039 1284 1046 .

122 1067 331 1118 Utriusque
347 1069 535 1104 exercitus
564 1080 639 1102 uno
655 1066 792 1117 proelio
821 1064 998 1116 fugavit:
1031 1064 1076 1102 L.
1104 1065 1283 1104 Paullum

121 1120 313 1158 consulem
332 1121 471 1158 occidit
489 1143 502 1164 ,
532 1121 567 1156 o&
590 1119 741 1169 aliquot
757 1130 931 1169 praeterea
962 1117 1178 1156 consulares
1196 1147 1203 1153 .
1244 1120 1283 1155 in

122 1175 180 1211 his
196 1173 271 1210 Cn.
291 1173 498 1210 Servilium
513 1171 726 1209 Geminum
746 1197 758 1218 ‚
788 1174 853 1222 qui
870 1185 972 1208 anno
996 1171 1187 1223 superiore
1202 1171 1285 1209 fue-

122 1239 178 1264 rat
195 1225 323 1264 consul
341 1254 350 1262 .

174 1278 224 1317 V.
255 1277 344 1316 Hac
358 1292 482 1330 pugna
513 1291 679 1331 pugnata
711 1274 884 1316 Romam
915 1277 1105 1329 profeRus
1122 1278 1173 1316 est
1198 1278 1285 1316 nul-

123 1334 162 1371 lo
193 1332 406 1370 resistente:
438 1335 475 1368 in
507 1335 733 1382 propinquis
763 1332 868 1368 urbis
898 1332 1093 1370 montibus
1114 1344 1284 1370 moratus

121 1386 173 1424 est
191 1412 199 1421 .
229 1385 328 1422 Cum
346 1387 497 1437 aliquot
516 1386 568 1422 ibi
586 1387 666 1422 dies
683 1383 799 1422 castra
818 1385 1005 1423 habuisset
1022 1409 1035 1431 ‚
1065 1387 1100 1422 ὃ(
1118 1399 1286 1424 reverte-

121 1452 224 1477 retur
238 1439 413 1489 Capuam
433 1454 441 1475 ε
470 1441 522 1497 Q
540 1437 681 1476 Fabius
697 1439 898 1476 Maximus
920 1464 932 1483 ,
951 1438 1115 1476 dietator
1133 1439 1285 1477 Roma-

122 1507 192 1530 nus
209 1516 221 1537 ‚
252 1496 289 1529 in
307 1507 398 1543 agro
411 1491 578 1530 Falerno
594 1496 629 1530 ei
647 1491 683 1529 se
697 1492 838 1541 objecit
851 1520 858 1527 .
891 1491 998 1530 Hinc
1014 1492 1162 1530 clausus
1182 1494 1287 1530 loco·

123 1560 204 1583 rum
220 1546 403 1596 angustiis
421 1570 434 1591 ‚
465 1545 577 1582 ιιοξὶιι
595 1545 670 1582 sine
689 1546 772 1582 ullo
789 1547 1025 1583 detrimento
1042 1550 1232 1584 exercitus
1250 1545 1287 1582 se

123 1599 319 1651 expedivit
337 1627 345 1635 .
376 1598 496 1636 Fabio
513 1599 754 1636 callidiffimo
782 1602 1002 1649 imperatori
1019 1600 1124 1636 dedit
1141 1599 1253 1637 verba
1274 1626 1282 1633 .

123 1652 305 1704 Namque
320 1652 479 1690 obducsia
499 1651 607 1690 noete
624 1675 637 1694 ‚
667 1652 855 1689 sarmenta
876 1656 914 1689 in
931 1652 1106 1690 cornibus
1137 1655 1286 1703 jumen-

124 1719 250 1744 torum
267 1707 434 1758 deligata
452 1707 641 1750 incendit,
658 1705 809 1756 ejusque
826 1709 973 1756 generis
990 1706 1287 1743 multitudinem

125 1773 301 1811 magnam
319 1759 549 1810 dispalatam
582 1759 737 1796 immisit
754 1787 762 1795 .
794 1761 886 1808 Quo
914 1761 1115 1810 repentino
1139 1759 1288 1810 objeQu

127 1813 210 1850 viso
229 1837 242 1857 ,
271 1826 423 1850 tantum
442 1827 621 1850 terrorem
639 1814 770 1863 injecit
787 1815 972 1850 exercitui
992 1812 1259 1850 Romanorum
1273 1836 1288 1857 ,

127 1879 169 1903 ut
187 1867 313 1918 egredi
330 1880 436 1904 extra
456 1867 604 1904 vallum
620 1880 732 1904 nemo
748 1865 792 1903 fit
809 1865 918 1903 ausus
936 1894 944 1901 .
976 1864 1092 1903 Hanc
1107 1865 1188 1915 post
1208 1880 1286 1902 rem

125 1919 266 1972 gestam
284 1944 297 1963 ,
327 1935 401 1956 non
420 1922 473 1956 ita
490 1920 624 1957 multis
641 1920 772 1957 diebus
789 1918 849 1955 M.
872 1919 1088 1956 Minutium
1109 1918 1289 1964 Rufum,

125 1972 344 2024 magistrum
363 1977 535 2025 equitum
553 1997 566 2018 ,
597 1977 737 2022 pariae
754 1971 979 2010 diE‘tatorem
1011 1975 1172 2022 imperio
1193 1996 1205 2017 ,
1223 1973 1290 2009 do-

126 2027 167 2064 lo
196 2026 416 2078 perduflum
447 2029 487 2063 in
507 2027 682 2078 proelium
702 2050 715 2073 ‚
743 2025 896 2075 fugavit
915 2054 923 2062 .
957 2024 1003 2062 T.
1022 2027 1290 2076 Sempronium

774 2077 813 2115 G
874 2091 892 2125 3
1111 2077 1237 2116 Grac-
