1714 2719
459 143 528 177 106
610 137 979 177 CORNELII
1034 138 1345 179 NEPOTIS

400 232 498 259 terat
516 221 686 273 intelligi
703 250 711 258 .
743 221 944 274 Postquain
961 235 1088 260 autem
1106 236 1222 260 naves
1239 222 1448 274 completas
1462 239 1555 263 con-

400 274 600 324 spexerunt
618 273 849 326 serpentibus
868 299 880 322 ‚
911 289 1008 313 nova
1027 290 1065 313 re
1095 279 1284 327 perterriti
1306 301 1317 321 ,
1346 290 1429 314 cum
1460 280 1552 328 quid

398 327 628 377 potisiimum
661 332 826 366 vitarent
845 353 857 375 ,
887 344 960 366 non
995 330 1167 367 viderent
1185 353 1197 373 ‚
1228 343 1370 380 puppes
1408 343 1553 368 averte-

398 392 485 416 runt
502 404 515 425 ‚
533 381 643 431 seque
658 383 704 419 ad
722 381 782 419 sua
800 382 916 420 castra
934 386 1085 419 nautica
1104 384 1315 419 retulerunt
1333 410 1340 418 .
1361 383 1420 420 Sic
1440 381 1554 419 Han-

398 433 503 470 nibal
522 434 676 472 consilio
692 449 794 472 arma
829 435 1144 485 Pergamenorum
1178 434 1394 486 superavit:
1429 449 1554 486 neque

396 498 479 523 tum
497 485 617 523 solum
634 511 647 533 ‚
676 487 736 525 sed
756 488 845 539 saepe
860 489 956 525 alias
975 488 1204 539 pedestribus
1221 492 1344 540 copiis
1366 492 1447 540 pari
1465 502 1555 539 pru-

396 540 526 576 dentia
545 541 693 591 pepulit
710 540 945 579 adversarios
964 569 972 576 .

451 590 544 628 XII.
573 596 666 643 Quae
682 595 771 631 dum
788 597 825 632 in
844 594 931 631 Asta
984 606 1139 632 eruntur
1156 618 1168 639 ,
1197 596 1336 632 accidit
1367 593 1452 631 casu
1470 618 1483 640 ,
1512 605 1554 631 ut

396 644 515 695 legati
535 645 664 683 Prufiae
683 645 821 684 Romae
851 648 950 696 apud
1008 674 1015 681 .
1047 647 1273 706 QinEUum
1291 647 1555 684 Flamininum

391 697 628 735 consularem
645 712 835 737 cenarent:
849 712 964 751 atque
981 700 1033 736 ibi
1050 703 1094 738 de
1114 699 1338 736 Hannibale
1354 704 1551 738 mentione

392 749 494 787 faeta
512 774 524 795 ,
554 765 598 788 ex
624 752 681 788 his
697 766 793 789 unus
809 753 949 790 diceret
973 776 986 798 ,
1016 767 1099 790 eum
1121 748 1163 790 ἰη’
1176 752 1305 789 Prusiae
1322 766 1436 803 regno
1453 752 1526 789 effe
1542 779 1552 788 .

389 800 435 839 Id
453 803 598 853 postero
614 805 674 841 die
691 803 931 843 Flamininus
947 806 1093 844 senatui
1109 806 1249 843 detulit
1268 833 1275 841 .
1308 804 1438 842 Patres
1465 820 1556 842 con-

393 855 554 907 scripti,
585 861 648 908 qui
668 856 892 897 Hannibale
910 862 1001 897 vivo
1032 873 1238 909 numquam
1257 858 1292 895 se
1318 858 1391 895 fine
1408 859 1554 896 insidiis

392 908 543 946 futuros
560 910 830 949 existimabant
848 936 860 958 ,
891 914 1037 963 legatos
1054 916 1091 949 in
1110 912 1331 960 Bithyniam
1348 911 1551 956 miserunt5

392 965 433 998 in
451 963 508 1000 his
524 962 789 1003 Flamininum
809 979 821 1010 3
852 969 917 1017 qui
933 980 951 1002 a
985 980 1068 1016 rege
1103 976 1275 1016 peterent
1305 979 1350 1001 ne
1368 964 1555 1002 inimicis-

389 1014 524 1053 fimum
543 1016 648 1054 suum
666 1017 788 1056 secum
805 1019 957 1057 haberet
976 1043 989 1064 ,
1010 1019 1150 1069 sibique
1167 1019 1317 1055 dederet
1335 1044 1343 1052 .
1363 1016 1439 1054 His
1458 1017 1553 1054 Pru-

390 1068 459 1105 fias
476 1083 612 1120 negare
641 1070 749 1108 ausus
791 1086 865 1108 non
883 1072 959 1109 est:
990 1072 1086 1108 illud
1118 1070 1303 1107 recusavit
1334 1083 1379 1106 ne
1411 1071 1449 1106 id
1466 1084 1485 1106 a
1516 1070 1552 1108 se

388 1121 473 1158 fieri
492 1121 725 1172 postularent
741 1127 838 1175 quod
856 1124 1033 1161 adversus
1048 1126 1107 1175 jus
1126 1122 1282 1172 hospitii
1300 1122 1389 1159 eiset
1409 1137 1416 1158 :
1447 1122 1512 1173 ipsi
1533 1147 1546 1168 ,

387 1173 414 1211 si
431 1175 577 1224 possent
594 1200 607 1221 ,
636 1179 997 1227 comprehenderent
1016 1192 1022 1213 :
1054 1178 1180 1214 locum
1198 1176 1261 1212 ubi
1279 1174 1369 1212 esset
1389 1200 1401 1221 ,
1431 1174 1548 1213 facile

388 1229 613 1266 inventuros
630 1255 639 1264 .
671 1227 871 1268 Hannibal
891 1234 993 1268 enim
1011 1244 1084 1267 uno
1102 1231 1186 1267 loco
1204 1228 1238 1266 se
1256 1229 1409 1265 tenebat
1427 1231 1465 1264 in
1484 1243 1547 1266 ca-

389 1280 500 1318 stello
517 1283 617 1333 quod
633 1285 668 1320 ei
683 1283 730 1320 ab
749 1298 833 1336 rege
849 1285 981 1321 datum
998 1295 1077 1320 erat
1103 1284 1249 1319 muneri
1267 1306 1280 1327 ,
1311 1282 1425 1331 idque
1441 1281 1487 1319 fic
1503 1296 1549 1318 ae-

387 1333 624 1380 dificarat,ut
641 1338 678 1372 in
692 1338 867 1374 omnibus
885 1337 1055 1387 partibus
1072 1336 1220 1374 aedificii
1237 1337 1360 1372 exitus
1379 1334 1550 1381 haberet,

387 1386 534 1438 semper
551 1402 684 1425 verens
701 1404 747 1433 ne
762 1389 827 1427 usu
845 1393 1014 1427 eveniret
1033 1390 1131 1440 quod
1156 1389 1296 1425 accidit
1314 1415 1322 1423 .
1355 1386 1445 1425 Huc
1462 1403 1545 1425 cum

388 1440 507 1493 legati
526 1440 793 1479 Romanorum
817 1443 1003 1480 venissent
1022 1467 1034 1487 ,
1064 1456 1106 1479 ac
1126 1442 1378 1479 multitudine
1394 1442 1548 1478 domum

387 1495 468 1545 ejus
486 1495 818 1533 circumdedissent
835 1521 847 1542 ,
878 1510 968 1547 puer
985 1496 1030 1532 ab
1046 1499 1157 1546 janua
1178 1494 1409 1545 prospiciens
1436 1492 1548 1531 Han-

388 1547 512 1584 nibali
529 1549 629 1586 dixit
647 1573 660 1593 ‚
678 1549 804 1599 plures
822 1562 954 1600 praeter
969 1549 1282 1586 consuetudinem
1299 1559 1465 1585 armatos
1482 1562 1549 1598 ap-

388 1614 520 1651 parere
537 1629 545 1636 .
576 1604 655 1659 Qi
690 1605 893 1653 imperavit
911 1606 944 1641 ei
961 1614 1001 1639 ut
1032 1616 1162 1639 omnes
1180 1600 1279 1638 fores
1311 1601 1460 1638 aedificii
1477 1605 1551 1639 cir-

391 1657 553 1692 cumiret
573 1679 586 1700 ,
615 1669 658 1692 ac
674 1669 832 1705 propere
847 1656 913 1693 fibi
931 1660 1166 1693 renuntiaret
1183 1668 1272 1691 num
1289 1654 1417 1691 eodem
1432 1655 1549 1693 modo

387 1709 557 1759 undique
573 1708 801 1746 obsideretur
819 1737 828 1744 .
861 1709 954 1747 Puer
970 1723 1054 1745 curn
1088 1709 1262 1745 celeriter
1278 1731 1290 1753 5
1321 1708 1411 1759 quid
1428 1707 1516 1744 elset
1534 1732 1546 1754 ,

390 1761 639 1798 renuntiasset
657 1785 669 1807 ,
699 1761 902 1814 omnesque
919 1765 1043 1800 exitus
1074 1774 1278 1812 occupatos
1307 1760 1546 1798 ostendisset:

389 1813 498 1851 sensit
518 1815 555 1850 id
574 1829 647 1851 non
666 1815 826 1852 fortuito
856 1815 997 1853 saelum
1015 1837 1027 1861 -,
1058 1815 1119 1852 sed
1150 1814 1185 1851 se
1204 1818 1282 1865 peti
1305 1838 1317 1860 ‚
1347 1828 1466 1864 neque
1483 1813 1547 1852 sibi

387 1868 533 1904 diutius
551 1870 671 1906 vitam
688 1870 760 1907 esse
791 1870 1027 1907 retinendam
1046 1896 1053 1903 .
1085 1870 1211 1929 Qam
1240 1881 1286 1904 ne
1302 1868 1431 1904 alieno
1446 1868 1545 1904 arbi-

390 1924 466 1957 trio
485 1922 698 1959 dimitteret
715 1946 728 1968 ,
756 1936 900 1959 memor
917 1921 1159 1974 pristinarum
1188 1924 1374 1958 virtutum
1392 1944 1405 1966 ,
1435 1935 1544 1958 vene-

388 1989 479 2011 num
497 1999 510 2022 ,
540 1976 639 2025 quod
658 1974 802 2027 semper
831 1975 955 2013 secum
990 1975 1126 2013 habere
1143 1974 1388 2012 consueverat
1405 1997 1419 2020 ,
1448 1973 1544 2011 sum-

391 2027 457 2065 sit.

1382 2078 1491 2117 XlII.
