1714 2719
369 155 982 199 TESTIMONIA.
1133 168 1209 195 xxv

87 245 217 293 Magii
240 266 254 290 ‚
282 244 318 281 ὃ(
343 242 571 280 savaronis.
603 243 768 292 denique
800 237 1066 288 castigationes
1084 237 1118 273 ex
1136 236 1260 274 obstr-

87 303 264 337 vationes
279 310 298 334 a
319 295 431 334 Petro
449 293 620 332 Daniele
636 295 823 331 adnotatae
840 293 887 329 ad
903 293 1113 329 editionem
1136 289 1259 327 Colo-

86 351 254 390 niensem
272 374 286 396 ‚
314 349 459 387 collato
477 352 596 386 veteri
615 349 700 385 MS.
732 348 862 385 codice
881 370 893 389 ,
925 348 989 396 qui
1007 345 1144 382 deinde
1175 358 1260 395 per-

88 408 195 444 vcnit
225 404 270 442 ad
308 403 496 442 obertum
527 401 735 439 Gisanium
764 429 770 436 .
816 399 1028 447 Praefigitur
1062 399 1255 435 volumini

85 457 345 508 Chronologia
365 455 643 507 Imperatorum
661 453 814 491 Gra’ciae
844 453 892 490 ab
910 452 1064 489 Andrea
1098 452 1256 489 Schorro

85 526 151 564 per
165 510 420 560 Olympiades
437 509 576 562 digesta
595 535 607 555 ,
641 521 754 559 quam
776 511 813 544 in
833 506 894 544 sua
931 508 1048 543 etiam
1083 505 1256 542 editione

85 564 252 604 servavit
268 563 482 602 Courtinus
499 591 507 599 .

134 618 235 656 Cum
256 617 355 666 Jenn'
371 615 547 654 Gebhardi
564 615 762 668 spiciiegio
779 627 956 652 notarum
978 641 986 649 .
1007 612 1253 655 Amst.1644.

90 684 147 710 12.
172 675 279 709 1662.
304 684 360 708 12.

135 726 236 764 Cum
268 729 372 763 notis
404 723 587 773 Johatmis
620 726 765 771 Rauen.
795 722 877 772 Jen.
914 725 1023 770 1635,
1053 723 1085 758 8.
1108 718 1253 757 Hamb.

88 782 277 823 1648.12.
301 781 412 824 1677.
437 791 492 814 12.

134 833 235 870 Cum
253 834 529 869 commentario
542 856 554 875 s
568 833 670 868 notis
686 831 720 867 ὃ(
738 829 936 868 luculento
954 830 1079 867 indice
1101 828 1257 876 J.Hen-

84 890 153 923 rici
170 885 320 923 Boea-leri
337 913 345 921 .
377 884 629 934 Argentorati
647 911 654 919 .
692 887 800 925 1640.
825 886 856 920 8.
876 898 920 921 ac
936 884 1074 920 deinde
1090 882 1219 931 saepius
1234 904 1246 924 ‚

83 944 138 977 ita
157 952 197 976 ut
212 941 289 989 jam
308 937 411 974 sexta
431 938 472 974 fit
489 938 611 974 editio
627 936 825 979 An.1656.
844 938 1020 987 Septimae
1037 936 1116 972 An.
1139 937 1249 980 1659.

82 1016 116 1039 5,
134 994 170 1029 ὅ(
186 991 325 1028 oSiavae
358 990 477 1027 Anno
498 993 606 1037 1669.
626 1012 659 1034 ,‚
689 988 822 1039 Lipsna’.
842 990 875 1025 8.
905 987 968 1038 Jo.
984 987 1130 1025 Vorstii
1161 998 1255 1024 curae

83 1044 266 1084 accessere
282 1072 291 1080 .

139 1097 271 1146 Jacobi
288 1096 399 1144 Mylii
417 1121 429 1141 ,
458 1095 648 1137 adiunc‘lis
665 1098 768 1132 notis
785 1093 960 1134 Boe'cleri
978 1119 991 1142 9
1020 1093 1221 1133 Gebhard}
1239 1115 1253 1139 ,

84 1152 235 1191 Ernesti
252 1179 262 1188 .
294 1151 427 1201 Lipfiae
449 1154 556 1197 1653.
580 1152 613 1187 8.

138 1206 238 1244 Cum
257 1206 323 1254 Jo.
341 1207 506 1242 Loccenii
523 1207 625 1241 notis
641 1201 815 1253 politicis
831 1215 946 1254 atque
971 1203 1097 1241 indice
1125 1201 1255 1252 philo-

84 1260 210 1311 logico
227 1287 235 1295 .
267 1258 435 1296 Holmiae
469 1259 576 1304 1638.
616 1269 672 1294 12.
707 1256 832 1294 Amst.
868 1258 979 1300 1648.
1015 1258 1048 1293 8.
1082 1255 1253 1294 Holmiae

90 1317 197 1358 1654.
227 1314 258 1350 8.
283 1310 500 1363 Hamburgi
522 1315 632 1357 1673.
655 1323 712 1346 12.

135 1367 236 1404 Cum
256 1367 322 1415 Jo.
342 1364 492 1403 Andreae
509 1366 598 1411 Bqsii
613 1367 899 1402 commentariis
916 1392 925 1400 .
958 1363 1065 1414 Lips.
1088 1365 1198 1408 1657.
1216 1362 1250 1398 8.

85 1423 119 1458 &
135 1420 232 1469 jenae
253 1424 320 1465 167
331 1432 361 1464 5.
383 1421 414 1456 8.
435 1420 580 1456 additis
608 1416 808 1455 Gebhardi
827 1443 840 1463 ,
870 1416 1120 1468 Bo'e‘clerique
1146 1419 1250 1452 notis

84 1476 120 1512 ὃ(
139 1475 263 1512 indice
280 1498 292 1518 ‚
322 1472 484 1511 Henrici
503 1476 595 1510 item
614 1470 759 1509 Ernstii
789 1472 837 1508 ad
855 1475 1008 1521 Nepotis
1041 1471 1220 1508 Atticum
1239 1491 1252 1514 ,

87 1541 243 1566 cumntc
262 1527 327 1576 Jo.
344 1526 535 1574 Chrtstian.
556 1531 712 1573 Hetzero
730 1552 738 1560 .

140 1588 259 1629 Georg.
284 1581 450 1630 Casparis
479 1579 709 1618 Kirchmeieri
729 1602 742 1624 ,
773 1578 996 1617 professoris
1028 1577 1253 1616 Witteber-

85 1635 207 1686 gensis
227 1638 337 1679 1665.
370 1636 403 1672 8.

82 1719 85 1723 .
139 1690 288 1736 Rutgeri
305 1686 560 1725 Hermanm'dis
577 1715 586 1724 .
619 1687 867 1733 Amst.1665.
891 1700 946 1724 12.
972 1690 1080 1736 1692.
1103 1698 1160 1723 12.

139 1741 241 1778 frid.
262 1741 500 1779 Hildebrandi
515 1769 524 1778 .
556 1741 688 1792 Lipfiae
710 1745 819 1779 1666.
842 1754 898 1778 12.

138 1796 239 1834 Cum
270 1799 374 1834 notis
405 1798 588 1833 Variormn
616 1818 630 1841 ,
659 1808 816 1833 curante
847 1795 994 1843 Roberto
1028 1792 1225 1832 Keuchenio
1243 1818 1252 1826 .

89 1849 214 1901 Lugd.
235 1849 318 1887 Bat.
344 1851 452 1894 1658.
475 1853 583 1895 1667.
601 1850 636 1886 δ(
657 1854 723 1895 167
736 1862 766 1894 5.
788 1850 820 1886 8.
847 1850 949 1901 apud
980 1845 1156 1887 Hackios
1174 1871 1186 1891 ,
1216 1846 1253 1882 δι

93 1906 206 1949 1687.
223 1917 301 1955 quae
318 1903 611 1956 locupletissima
629 1902 680 1940 est
696 1904 818 1940 editio
836 1931 844 1938 .

138 1957 238 1995 Cum
269 1960 374 1996 notis
403 1956 567 2009 Augusti
598 1955 783 1995 Buchneri
812 1957 859 1994 ad
885 1958 1054 1994 tironum
1083 1955 1253 1992 maxime

84 2024 241 2062 captum
261 2015 492 2062 comparatis
511 2039 519 2046 .
550 2009 766 2062 Hamburgi
797 2013 962 2061 primum
981 2035 994 2056 ,
1029 2009 1167 2048 deinde
1184 2005 1256 2044 Li-

86 2065 168 2115 pfiae
189 2066 298 2103 1688.
319 2067 352 2103 8.
373 2069 412 2103 in
429 2079 502 2117 qua
528 2064 682 2103 meliori
699 2065 869 2155 editiobne
885 2064 1033 2103 accessit
1051 2063 1193 2115 triplex
1212 2065 1253 2105 ii)

888 2129 906 2164 5
1127 2121 1205 2153 Ne-
