1714 2719
785 192 804 230 Ι
862 193 901 231 N
955 193 998 232 D
1053 194 1087 233 E
1143 194 1184 234 X
1204 222 1213 232 .

403 270 616 321 Difiederea
629 280 744 320 pugna
756 273 901 322 inbes
915 287 968 310 re-
1021 273 1192 323 Ephoram
1235 287 1304 326 pro
1346 274 1583 323 Ephororum.

458 324 521 362 bus
536 350 547 360 .
865 343 899 376 9.
919 340 968 371 24

407 377 593 427 Discedere
609 377 723 415 domos
731 380 833 428 ficas.
857 386 967 418 12-26

407 431 665 481 Difi’rtiffi'mus
687 446 807 480 graecae
844 435 970 481 linguae

461 484 663 532 'loquentia
677 513 688 522 .
841 489 901 528 28.
919 500 967 534 23

406 539 552 585 Digiici
563 565 571 574 .
590 538 651 575 ille
661 539 886 588 consbrqsionis
895 539 971 587 glo-

462 592 526 629 bus
541 591 649 638 hujus
673 596 780 629 unius
795 593 971 641 diſj‘bnsio-

465 659 505 681 ne
519 644 692 689 disjeHm
707 645 754 692 est
774 673 782 681 .
819 660 834 682 1
846 660 902 688 14.
924 660 968 693 33

409 697 597 748 Dispalati
618 726 625 733 .
646 701 749 749 vagi,
767 699 944 749 palantes
958 726 966 734 .

465 763 526 795 25.
544 763 591 788 22

411 804 588 852 Distineri
604 803 729 841 litibus
749 832 756 841 .
820 819 836 843 1
848 815 903 850 15.
922 807 970 842 26

412 857 591 905 Distringi
607 856 707 894 bellis
723 886 731 894 .
848 872 932 904 107.
952 859 972 895 8

411 909 579 949 Dodrans
593 939 600 946 .
621 925 757 949 novem
775 914 891 950 unciae
907 925 974 962 pa-

466 967 642 1002 trimonii
656 989 669 1010 ,
686 966 783 1015 quafi
803 965 973 1004 detrae‘to

466 1018 677 1069 quadrante
692 1019 740 1056 ab
763 1019 839 1056 asse
871 1022 972 1056 inte-

440 1086 444 1088 >
468 1085 534 1121 gro
551 1098 559 1105 .
846 1085 861 1109 1
875 1086 930 1119 13.
955 1086 968 1108 1

412 1126 591 1161 Donicum
607 1136 674 1173 pro
684 1125 805 1161 donec
820 1123 975 1178 ἀρχαϊ-

463 1176 532 1217 a&
545 1204 554 1213 .
863 1191 926 1226 97.
949 1180 972 1214 6

421 1230 612 1278 Dynastes,
628 1229 790 1270 οὓαυοίςκς
801 1259 810 1267 .
829 1246 911 1277 rex,
928 1231 973 1268 si-

476 1299 519 1321 ve
548 1279 790 1335 magistratus
831 1298 971 1335 magua

466 1341 641 1388 potentia
660 1366 667 1372 .
845 1350 904 1383 55,
923 1351 969 1384 27

674 1415 706 1454 E

416 1494 567 1532 Elatius
598 1524 606 1532 .
639 1495 796 1546 superbe
824 1498 973 1548 magis.

475 1563 530 1596 19.
552 1561 597 1596 30

414 1600 548 1638 Elicere
589 1601 747 1649 alicujus
789 1601 949 1651 epistolas
964 1631 973 1639 .

474 1668 558 1703 123.
581 1667 598 1701 5
704 1655 723 1674 ·’

416 1710 636 1758 Emergerese
649 1724 668 1746 e
680 1708 787 1746 malis
803 1736 811 1745 .
850 1723 864 1746 1
878 1723 932 1755 17.
955 1724 969 1746 1

416 1761 630 1811 premeris‚
644 1762 840 1814 ε’φπμεβίς.
859 1763 974 1800 libel-

470 1817 530 1853 lus
549 1819 586 1853 in
605 1831 678 1868 quo
697 1817 778 1854 affla
810 1817 845 1853 ὃ(
874 1815 975 1853 sum-

469 1881 531 1906 tus
557 1871 775 1921 quondiani
805 1870 976 1914 scr-ibun-

469 1935 532 1960 tur
547 1950 557 1959 .
826 1937 840 1960 1
852 1937 907 1971 19.
926 1936 974 1961 20

417 1975 545 2026 Ephori
561 2004 569 2012 .
600 1975 766 2015 summus
797 1976 974 2014 Lacedae-

467 2032 683 2068 monim-um
700 2030 942 2083 magistratus
960 2058 968 2067 .

471 2096 527 2126 14.
550 2096 595 2130 23

1077 340 1096 373 7
1107 339 1139 372 5.
1158 341 1206 365 20

1024 381 1099 429 Effi
1117 409 1124 415 .
1156 383 1194 416 εἰη
1210 393 1277 427 quo
1292 393 1360 416 uno
1388 381 1469 429 fft
1499 393 1586 420 tan-

1078 444 1154 469 tum
1171 458 1183 479 ,
1212 444 1255 469 ut
1271 433 1387 480 quoad
1401 434 1462 471 ille
1484 439 1586 475 vive-

1074 497 1127 521 ret
1143 486 1325 535 ipsisecuri
1339 487 1401 535 effi
1417 501 1485 524 non
1507 489 1587 539 pos-

1068 538 1149 587 ant
1165 570 1174 579 ,
1207 541 1265 584 87.
1303 544 1349 578 16
1365 568 1373 576 .
1418 553 1462 578 ut
1507 554 1586 579 tum

1074 600 1176 627 erant
1196 601 1348 640 tempora
1364 620 1373 629 .
1433 608 1449 631 1
1460 607 1516 633 10.
1540 610 1553 633 1
1566 610 1583 633 1

1024 644 1100 693 Eff}
1114 654 1273 692 apertum
1289 672 1298 680 .
1327 648 1353 681 i.
1370 661 1402 684 e.
1421 649 1587 687 manife-

1079 697 1173 734 stum
1195 725 1202 732 .
1355 711 1413 747 39.
1431 699 1495 737 lin.
1513 702 1583 741 ult.

1024 751 1102 798 Effe
1117 749 1251 797 illustre
1265 754 1416 788 maxime
1440 753 1554 790 alicui
1570 780 1586 802 ,

1080 802 1172 850 quod
1186 805 1258 841 ἃς.
1484 822 1506 856 9
1513 820 1544 853 5.
1564 820 1587 846 2

1027 858 1102 905 Effi’
1117 859 1155 892 in
1168 855 1339 903 colloquio
1356 885 1365 894 .
1462 868 1523 902 62.
1541 875 1556 898 1
1567 875 1583 899 1

1027 910 1103 957 Effi’
1117 909 1296 957 industria·
1312 923 1380 947 non
1392 912 1586 952 mediocris.

1087 977 1100 1000 1
1113 977 1126 1000 1
1135 978 1168 1012 9.
1192 977 1206 1000 1
1218 977 1233 1001 1

1027 1017 1102 1065 Effi'
1118 1019 1156 1053 in
1170 1030 1207 1052 eo
1221 1027 1264 1053 ut
1280 1018 1349 1056 ὅτε.
1367 1031 1445 1054 cum
1451 1022 1534 1065 jam
1548 1024 1586 1057 in

1078 1083 1114 1105 eo
1145 1071 1225 1117 effi’t
1253 1081 1298 1106 ut
1311 1072 1432 1119 oppido
1455 1077 1590 1119 potire-

1080 1133 1153 1163 tur,
1165 1137 1201 1171 9.
1212 1125 1326 1170 13.ita
1343 1122 1543 1169 Lucretius
1561 1126 1588 1162 l.

1086 1189 1145 1213 1v.
1165 1189 1281 1226 prope
1303 1174 1416 1213 finem
1436 1191 1449 1212 .·
1467 1182 1591 1224 Atque

1079 1231 1118 1264 in
1131 1242 1168 1264 eo
1185 1231 1297 1266 Venus
1312 1229 1359 1276 est
1394 1238 1438 1265 ut
1465 1230 1591 1268 mulie-

1077 1281 1155 1318 bria
1170 1282 1323 1330 conftrat
1338 1296 1429 1319 arva
1446 1311 1454 1321 .

1027 1335 1103 1383 Effi’
1118 1339 1156 1371 in
1171 1339 1294 1370 timore
1311 1363 1320 1371 .
1460 1351 1516 1376 10.
1545 1341 1589 1375 16

1026 1389 1102 1435 Effi
1116 1391 1232 1436 magni
1245 1416 1253 1424 .
1269 1389 1347 1434 ejus
1362 1398 1459 1437 opera
1472 1393 1591 1439 magni

1072 1440 1161 1488 fuit
1180 1469 1188 1476 .
1477 1457 1532 1491 39.
1565 1458 1589 1488 4

1030 1495 1107 1544 fſjse
1120 1508 1240 1542 magno
1249 1497 1390 1543 praemiv
1403 1496 1518 1532 alirui
1535 1525 1543 1533 .
1563 1501 1588 1535 i.

1086 1563 1118 1586 e.
1135 1563 1277 1600 magno
1297 1551 1524 1599 compendio
1554 1552 1592 1589 ὅ(

1085 1602 1190 1640 lucro
1207 1630 1215 1638 .
1490 1616 1548 1644 22.
1567 1618 1588 1651 7

1028 1655 1104 1703 Effi
1136 1656 1240 1705 super
1271 1682 1279 1690 .
1324 1655 1591 1703 Atheniensibus

1079 1708 1256 1756 exhazstis
1268 1733 1280 1754 ‚
1294 1720 1418 1757 prater
1432 1724 1531 1746 arma
1547 1713 1591 1754 a&

1081 1776 1188 1799 naves
1205 1787 1218 1809 ‚
1248 1761 1345 1798 nibil
1360 1775 1438 1800 erat
1457 1764 1562 1814 Jitper
1578 1796 1589 1807 .

1084 1829 1100 1862 3
1111 1829 1146 1863 3.
1165 1829 1180 1852 1
1191 1818 1208 1852 8

1028 1872 1168 1906 Exacus‘
1190 1873 1246 1906 ira
1262 1899 1270 1906 .
1461 1884 1521 1920 90.
1544 1881 1588 1916 ις

1028 1922 1265 1971 Exadversum
1279 1951 1288 1958 .
1319 1926 1426 1974 juxta
1444 1952 1453 1961 .
1479 1937 1589 1966 12.20

1027 1984 1058 2014 Ε
1063 1980 1187 2013 xerceri
1204 2004 1212 2012 .
1242 1977 1459 2013 exercebatur
1468 1976 1587 2026 pluri·-

1077 2043 1171 2066 mutn
1194 2029 1359 2067 surrendo
1387 2032 1431 2073 (25
1445 2030 1586 2079 lulla-n-

1076 2082 1121 2120 do
1139 2107 1152 2130 ,
1179 2082 1228 2120 ad
1240 2097 1317 2122 eum
1337 2084 1447 2130 finem
1469 2083 1587 2129 quoad

1423 2138 1521 2184 stan,
