1714 2719
414 148 888 189 oloN.x.
1132 164 1178 197 ⁴7

72 231 226 271 mebant
246 259 254 268 .
286 231 341 270 At
360 229 427 267 ilie
445 240 558 279 negat
572 251 585 272 ‚
601 242 620 265 a
638 227 853 265 Callicrate
870 228 949 266 fieri
968 229 1032 266 fibi
1051 228 1204 266 insidias
1220 252 1235 275 ‚

73 285 134 324 sed
156 287 224 323 ina
261 298 339 336 qux
359 294 587 327 nectentur,
618 281 700 318 fieri
726 295 910 332 praeccpto
927 281 1012 318 suo.
1046 282 1235 320 Mulieres

74 341 201 378 nihilo
232 337 347 376 secius
375 315 541 373 &illim
550 347 626 372 tem
658 337 696 370 in
726 337 842 371 aedem
874 334 1101 384 Proserpinae
1118 336 1236 372 dedu·-

75 405 166 431 cunt
184 417 198 434 ,
216 392 394 443 acjurarc
410 401 574 440 cogunt,
594 387 691 425 nihil
708 388 756 424 ab
774 388 844 424 ilio
861 389 1020 437 periculi
1039 387 1119 426 fore
1136 387 1238 426 Dio-

77 449 118 484 ni
135 472 144 482 .
174 445 248 483 ule
263 445 331 481 hac
346 443 531 494 religione
549 456 623 479 non
640 442 755 479 modo
771 441 820 478 ab
837 443 990 491 incepto
1021 456 1094 478 non
1112 443 1239 479 deter-

77 502 172 537 ritus
189 522 202 543 ,
230 496 290 535 sed
320 498 366 534 ad
385 496 651 533 maturandum
682 497 898 532 concitatus
912 493 965 532 est
981 519 994 541 ,
1024 509 1160 533 verens
1191 509 1238 532 ne

78 556 180 603 prius
195 550 394 589 confilium
424 551 635 600 aperiretur
664 547 769 585 suum
800 562 914 600 quam
943 561 1080 586 conata
1112 547 1238 599 perfe-

75 604 180 643 ciffet
196 631 205 640 .

128 656 202 694 IX.
234 655 321 695 Hac
337 669 464 694 mente
479 659 654 707 proximo
670 656 732 692 die
748 654 842 693 sesto
858 680 872 701 ,
901 669 985 694 cum
1002 669 1022 692 a
1040 667 1236 694 conventu

78 724 262 749 remotum
281 710 316 747 sc
330 709 437 747 Dion
454 710 556 747 domi
573 723 720 747 teneret
739 733 751 754 ‚
771 722 887 761 atque
904 712 941 746 in
958 710 1136 747 conclavi
1154 710 1238 746 edi-

78 778 120 802 to
136 763 356 802 recubuirset
378 778 389 808 3
408 763 567 802 consciis
587 764 666 800 loca
685 766 893 800 munitiora
909 764 1042 814 oppidi
1059 763 1238 808 tradidit,

79 819 234 855 domum
261 816 474 855 custodibus
504 816 617 867 saepsit
636 833 643 854 :
673 830 693 853 a
721 816 868 854 foribus
884 820 949 868 qui
981 831 1054 854 non
1071 815 1241 854 discede-

82 883 164 908 rent
181 894 193 915 ,
210 884 330 908 certos
347 870 510 920 prxfecit
529 887 536 907 :
567 884 705 908 navem
722 873 916 908 triremem
933 876 1091 907 armatis
1108 881 1240 914 ornat,

82 923 364 974 Philocratique
380 923 489 961 fratri
508 923 570 961 suo
588 924 705 961 tradit
724 947 737 969 ,
754 938 914 974 eamque
930 927 967 960 in
987 936 1098 974 portu
1115 929 1239 973 agita-

79 978 109 1012 ri
127 976 230 1026 jubet
247 1000 260 1019 ‚
279 989 318 1013 ut
336 975 358 1012 fi
377 990 548 1014 exercerc
563 981 724 1027 remiges
741 977 880 1022 vellet3
894 979 1069 1028 cogitans
1087 1001 1100 1022 ‚
1117 977 1141 1013 ss
1160 975 1239 1013 for-

78 1041 116 1066 te
133 1029 297 1066 consiliis
314 1029 514 1067 obstitisset
533 1029 683 1068 fortuna
703 1055 716 1076 ,
754 1043 794 1067 ut
814 1030 966 1067 haberet
997 1044 1072 1081 quo
1090 1029 1239 1081 fugeret

79 1082 125 1119 ad
144 1081 303 1119 salutem
321 1110 329 1117 .
361 1085 516 1120 Suorum
536 1097 664 1122 autem
682 1098 701 1121 e
718 1098 876 1121 numero
892 1084 1132 1132 Zacynthios
1147 1084 1241 1120 ado-

79 1134 262 1172 iescemes
280 1136 460 1187 quosdam
477 1139 594 1189 elegit
610 1162 624 1183 ‚
653 1151 737 1176 cum
759 1137 1021 1175 audaciffimos
1038 1162 1051 1184 ,
1081 1149 1162 1183 tum
1182 1140 1241 1174 vi·-

79 1187 182 1226 ribus
211 1193 390 1227 maximis
409 1205 416 1227 :
446 1189 579 1241 hisque
595 1192 660 1229 dat
689 1194 887 1241 negotium
918 1202 957 1228 ut
989 1191 1037 1227 ad
1068 1188 1240 1227 Diouem

80 1254 167 1280 eant
183 1244 345 1281 inermes
362 1267 376 1288 ,
393 1244 440 1281 fic
456 1256 495 1281 ut
513 1247 767 1282 conveniendi
785 1247 863 1294 ejus
879 1247 1000 1295 gratia
1020 1244 1242 1281 viderentur

81 1297 210 1333 venire
224 1323 233 1331 .
264 1294 321 1332 Hi
338 1309 492 1348 propter
508 1300 691 1335 notitiam
709 1297 793 1334 sunt
812 1297 1013 1335 intromiffi
1032 1325 1040 1333 .
1071 1296 1128 1334 At
1147 1298 1208 1334 illi
1227 1321 1241 1343 ,

80 1361 124 1386 ut
138 1349 256 1386 limen
275 1353 353 1401 ejus
384 1353 576 1388 intrarunt
594 1375 607 1396 ,
636 1351 780 1390 foribus
799 1351 982 1389 obseratis
1007 1354 1045 1388 iu
1063 1350 1162 1388 leao
1177 1366 1244 1389 cu-

84 1401 236 1440 bantem
254 1405 443 1442 invadunt
461 1429 474 1450 ,
491 1405 678 1456 colligant
697 1421 704 1442 :
726 1405 769 1442 fit
786 1404 960 1456 strepitus
977 1430 990 1451 ‚
1007 1406 1102 1442 adeo
1118 1417 1158 1442 ut
1176 1418 1243 1442 ex-

81 1456 206 1493 audiri
223 1457 341 1506 poffet
371 1457 463 1496 foris
482 1486 490 1493 .
522 1456 603 1496 Hic
619 1483 631 1504 ,
662 1459 753 1496 sicut
769 1471 859 1496 ante
887 1458 980 1509 saepe
997 1458 1139 1496 dietum
1158 1458 1208 1496 est
1227 1483 1242 1505 ‚

86 1522 198 1560 quam
215 1510 336 1548 invisa
355 1511 398 1549 fit
415 1512 611 1564 singularis
642 1516 815 1563 potentia
834 1536 848 1559 ,
877 1513 912 1549 &
929 1511 1140 1549 miseranda
1159 1515 1242 1550 vita

82 1565 149 1614 qui
165 1563 200 1601 se
215 1568 336 1602 metui
354 1579 466 1616 quam
483 1570 602 1603 anmri
620 1567 771 1604 malunt
784 1591 796 1613 ‚
814 1568 937 1604 cuivis
954 1566 1068 1604 sacile
1084 1567 1244 1604 intelle-

80 1616 144 1653 &u
160 1616 234 1655 fuit
250 1646 259 1653 .
289 1617 470 1670 Namque
485 1620 546 1656 illi
565 1620 629 1671 ipsi
647 1620 817 1658 custodes
834 1643 847 1665 ‚
859 1620 883 1657 fi
901 1623 1068 1670 propitia
1085 1619 1242 1657 fuissent

83 1670 287 1709 voluntate
303 1695 317 1717 ,
346 1672 492 1712 foribus
522 1673 685 1711 effraciis
716 1673 864 1711 servare
893 1687 978 1711 eum
1003 1673 1212 1724 potuissent
1227 1697 1242 1719 ‚

83 1725 185 1774 quod
208 1725 269 1762 illi
287 1729 448 1765 inermes
466 1752 478 1772 ,
507 1727 627 1765 telum
643 1727 738 1765 foris
755 1728 974 1778 flagitantes
991 1751 1004 1773 ‚
1034 1730 1167 1765 vivum
1185 1739 1245 1765 te-

86 1777 225 1816 nebant
243 1806 251 1814 .
279 1779 356 1817 Cui
373 1795 457 1818 cum
475 1781 700 1819 succurreret
717 1795 830 1819 nemo
843 1804 856 1827 ,
875 1779 982 1830 Lyco
998 1783 1153 1832 quidam
1173 1782 1244 1830 Sy-

85 1831 283 1870 racusanus
299 1847 363 1883 per
392 1834 572 1872 fenestras
588 1835 760 1887 gladium
789 1835 895 1873 dedit
912 1862 921 1870 .
951 1849 1027 1886 quo
1056 1833 1164 1873 Dion
1184 1838 1244 1872 in·

83 1883 262 1924 terfeQus
277 1886 327 1924 est
345 1918 354 1927 .

140 1938 191 1975 X.
219 1939 404 1979 Confee’ta
434 1942 529 1979 caede
546 1967 559 1987 ,
588 1957 673 1980 eum
704 1942 917 1980 multitudo
943 1940 1088 1980 visendi
1117 1943 1241 1993 gratia

86 1992 288 2031 introiisset
305 2018 316 2040 ‚
333 1996 512 2032 nonnulli
528 1996 575 2033 ab
592 1995 719 2033 insciis
736 2009 803 2046 pro
819 1998 946 2034 noxiis
961 1996 1215 2032 conciduntur
1230 2025 1240 2032 .

83 2043 189 2085 Nam
204 2049 318 2086 celeri
335 2063 485 2088 rumore
500 2051 647 2098 delato,
662 2049 786 2090 Dioni
804 2054 882 2093 vim
901 2049 1062 2088 allatam
1080 2073 1093 2095 ,
1123 2050 1240 2086 multi

1099 2117 1190 2143 con—
