1714 2719
308 158 1007 203 PAusAN1As.1v.
1140 174 1183 211 ι,

69 254 169 291 cium
187 272 201 294 ‚
217 259 330 300 quam
346 244 463 297 quod,
479 258 563 282 cum
581 247 702 281 tantis
720 243 828 280 rebus
846 242 1065 293 prefuisset,
1084 246 1121 280 ἰιι
1142 256 1231 282 tan-

70 318 108 343 ta
128 311 347 355 paupertate
362 298 510 336 deceffit
526 321 541 342 ,
570 309 610 334 ut
642 299 706 348 qui
738 297 936 334 efferretur
970 300 1034 334 vix
1067 298 1236 348 relique-

70 362 119 397 rit
140 386 148 394 .
177 358 266 418 Qu
281 352 423 391 sactum
439 350 489 389 est
507 375 520 395 ‚
539 363 577 388 ut
596 350 682 388 filix
699 353 777 401 ejus
795 350 947 401 publice
963 351 1174 393 alerentur,
1193 352 1228 386 ὅ(

70 413 117 450 de
144 409 334 450 communi
364 408 491 442 aerario
507 404 661 442 dotibus
677 405 778 441 datis
809 404 1091 442 collocarentur
1108 432 1116 439 .
1150 402 1231 440 De-

70 464 170 504 ceffit
194 474 319 500 autem
349 457 427 497 fere
457 457 535 510 post
565 472 707 495 annum
725 469 904 508 quartum
921 471 1035 508 quam
1072 457 1231 495 Themi·

70 516 200 557 stodes
216 513 385 553 Athenis
401 525 479 550 erat
497 510 675 562 expulsus
693 539 703 548 .

213 639 1085 710 PAUSANIAS.

612 781 630 819 1
646 781 696 819 V.

66 892 96 930 1.
193 888 468 929 AUSANIAS
485 889 795 926 Lacedaemonius
807 913 820 934 ‚
836 903 997 941 magnus
1013 890 1144 935 homo,
1163 890 1224 928 sed

215 946 341 980 varius
360 946 397 979 in
415 945 518 978 omni
536 956 670 992 genere
687 944 773 979 vitae
791 941 864 978 fuit
877 969 885 977 .
905 956 992 979 nam
1011 956 1050 980 ut
1069 947 1227 980 virtuti-

65 998 132 1036 bus
147 998 268 1035 eluxit
286 1019 299 1039 ,
317 995 362 1032 stc
380 997 486 1031 vitiis
504 994 553 1031 est
571 995 727 1032 obrutus
744 1022 753 1030 .
786 993 913 1045 Hujus
933 995 1223 1034 illustri‘snnum

64 1051 115 1090 est
132 1050 306 1102 proelium
336 1049 434 1099 apud
453 1047 612 1086 Plataeas
629 1075 637 1083 .
670 1062 833 1099 namque
851 1049 921 1085 illo
938 1049 1032 1086 duce
1062 1049 1226 1087 Mardo-

67 1109 151 1142 nius
169 1103 330 1153 satrapes
347 1105 470 1152 regius
489 1126 502 1144 ,
532 1105 689 1139 natione
706 1101 846 1139 Medus
864 1126 877 1147 ,
907 1105 1003 1153 regis
1019 1117 1133 1154 gener
1151 1128 1164 1149 ,
1186 1106 1225 1140 in

68 1161 200 1209 primis
215 1157 383 1194 omniurn
415 1154 609 1192 Persarum
638 1156 672 1192 ὃ(
703 1169 817 1192 manu
847 1155 960 1193 sortis
980 1180 993 1200 ‚
1023 1157 1058 1193 ὅ(
1075 1156 1226 1194 confilii

67 1212 200 1262 plehus
216 1234 230 1255 ,
257 1222 340 1247 cum
358 1209 533 1246 ducentis
550 1209 726 1246 millibus
742 1209 915 1258 peditum
934 1233 945 1254 ,
964 1223 1057 1260 quos
1075 1213 1224 1248 viritim

65 1265 208 1315 legerat
225 1287 238 1307 ,
267 1263 301 1299 ὅ(
318 1265 460 1312 viginti
477 1262 650 1299 millibus
668 1265 842 1313 equitum
861 1287 873 1307 ,
892 1264 991 1299 haud
1010 1266 1062 1300 ita
1082 1277 1221 1315 magna

63 1331 177 1354 manu
191 1315 340 1353 Graecia
359 1314 511 1368 fugatus
530 1315 580 1352 est
599 1330 606 1352 :
637 1330 757 1367 eoque
773 1315 850 1367 ipse
866 1318 941 1353 dux
968 1317 1106 1354 cecidit
1124 1331 1225 1367 proe-

64 1370 118 1409 lio
134 1398 142 1407 .
174 1372 259 1430 Qa
291 1367 450 1406 viiloria
481 1369 606 1407 elatus
636 1369 800 1420 plurium
817 1369 974 1408 miscere
1003 1373 1118 1421 coepit
1142 1395 1155 1416 ,
1185 1372 1223 1408 ὅ(

62 1425 202 1475 majora
220 1422 482 1473 concupiscere
498 1451 506 1459 .
539 1425 608 1461 Sed
625 1426 791 1474 primum
811 1426 848 1460 in
866 1439 910 1462 eo
934 1422 985 1461 est
1017 1424 1221 1474 reprehen-

62 1476 121 1516 sus
137 1501 150 1523 ‚
175 1477 275 1529 quod
291 1490 376 1514 cum
393 1490 437 1514 ex
454 1478 572 1527 praeda
591 1478 778 1527 tripodem
795 1491 949 1515 aureum
966 1475 1135 1528 Delphis
1151 1491 1220 1528 po-

63 1530 188 1570 suisset
204 1555 217 1576 ‚
247 1533 522 1581 epigrammate
536 1530 675 1582 scripto
692 1555 705 1575 ‚
737 1535 773 1568 in
792 1545 866 1582 quo
882 1544 961 1569 erat
979 1529 1052 1568 haec
1069 1530 1220 1569 senten-

63 1586 117 1623 tia
134 1600 142 1621 ε
170 1590 243 1620 Suo
257 1583 368 1622 dm‘lu
383 1583 542 1621 barbaros
571 1582 668 1633 apud
682 1584 842 1621 Plataeas
865 1585 926 1632 εμὲ
940 1584 1070 1622 deletos
1087 1608 1100 1630 ,
1127 1585 1218 1633 qitesl

60 1651 126 1686 que
138 1637 296 1675 vic7oriae
309 1651 383 1687 ergo
399 1637 558 1687 Apollini
580 1637 707 1674 donum
721 1637 849 1687 dedisse
866 1654 872 1675 :
903 1639 970 1677 hos
997 1637 1122 1677 versus
1140 1638 1218 1676 La·-

0 1731 5 1740 ,
62 1693 279 1730 cedaemonii
307 1690 588 1744 exsculpserunt
613 1705 625 1737 ς
656 1707 778 1744 neque
805 1693 912 1730 aliud
950 1691 1178 1742 scripserunt
1200 1716 1227 1738 ‚‚

64 1758 174 1796 quam
191 1749 346 1783 nomina
365 1760 492 1784 earum
521 1749 727 1784 civitatum
761 1760 919 1798 quarum
936 1747 1083 1784 auxilio
1099 1744 1216 1783 Persae

63 1811 171 1836 erant
187 1799 279 1837 visti
296 1828 306 1836 .

115 1850 166 1889 11.
195 1851 278 1891 Post
295 1854 332 1890 id
349 1854 523 1903 proelium
542 1878 555 1899 ‚
571 1855 744 1893 eumdem
761 1853 984 1892 Pausaniam
1001 1868 1085 1892 cum
1100 1853 1215 1892 classe

64 1906 442 1957 communiCyprum
459 1921 574 1959 atque
603 1906 903 1959 Hellespontum
928 1908 1111 1945 miserunt
1129 1932 1141 1951 ‚
1170 1919 1213 1945 ut

62 1971 109 1996 ex
126 1959 183 1997 his
198 1961 413 2012 regionibus
430 1962 472 1998 ba
481 1962 540 1998 rba
549 1976 671 1999 rorum
688 1962 853 2013 praesrdia
870 1962 1078 2014 depelleret
1096 1988 1103 1996 .
1123 1959 1212 1998 Pari

65 2009 252 2051 felicitate
267 2017 305 2051 in
322 2029 363 2052 ea
383 2030 420 2052 re
436 2014 520 2052 usus
537 2017 676 2053 elatius
693 2015 729 2053 se
745 2029 870 2068 gerere
887 2019 1018 2066 coepit,
1034 2013 1214 2064 majores-

67 2077 137 2116 que
149 2079 325 2118 appetere
341 2083 396 2108 res
413 2096 423 2105 .
452 2069 555 2109 Nam
586 2083 670 2112 cum
688 2073 877 2161 Byzantio
907 2079 1214 2158 expugnatosce·

130 2139 131 2142 =
825 2135 847 2159 2
1088 2135 1127 2173 pr
1147 2142 1164 2150 -
