1714 2719
281 186 733 230 EUMENES.
819 186 1020 225 XVIII.
1136 191 1184 236 83

62 270 173 314 aar,
201 267 385 319 praefeffls
401 265 593 318 Antigoni
626 264 830 317 imposuit:
866 265 977 318 seque
1004 281 1048 306 ac
1088 266 1172 306 suos
1188 283 1231 306 o-

63 335 173 362 mnes
187 324 357 360 extraxit
376 322 588 358 incolumes
607 347 615 355 .

116 374 186 414 VI.
216 373 281 413 Ad
298 375 398 413 hunc
410 374 619 424 Olympias
632 397 645 419 ,
673 385 795 410 mater
811 387 891 424 qua:
907 373 1032 412 fuerat
1049 372 1228 414 Alexan-

61 431 120 471 dri
136 451 152 475 ‚
179 443 266 467 cum
287 429 420 467 literas
436 430 645 466 &nuntios
676 426 830 465 misisset
861 430 898 464 in
918 428 1049 466 Aliam
1073 428 1228 466 consul-

60 497 142 524 tum
159 506 173 529 ,
203 495 331 521 utrum
348 485 552 532 repetitum
572 486 641 519 iret
662 481 934 518 Macedoniam
953 506 965 527 ,
996 483 1115 531 (nam
1141 494 1227 520 tum

62 541 102 577 in
116 535 238 587 Epiro
253 536 484 586 habitabat)
500 537 536 573 ὃ(
550 549 613 574 eas
629 549 686 573 res
702 549 902 587 occuparet
922 550 933 579 ς
960 536 1046 573 huic
1062 535 1132 573 ille
1150 539 1230 587 pri-

60 604 164 631 mum
194 590 304 629 suasit
333 604 380 628 ne
410 589 447 628 se
471 602 643 629 moveret
660 613 674 634 ‚
703 591 739 626 ὅτ
767 587 999 639 εκΐρεὲὶατεῐ
1024 590 1150 641 quoad
1166 587 1229 627 A·-

57 644 236 684 lexandri
268 644 372 683 filius
402 658 559 697 regnum
588 643 886 694 adipisceretur:
917 643 969 681 {in
997 643 1129 694 aliqua
1161 657 1227 680 cu-

57 699 227 750 piditate
244 710 439 749 raperetur
455 703 493 736 in
525 699 800 736 Macedoniam
819 720 832 742 ,
862 699 1033 734 omnium
1065 698 1228 748 injuria-

58 766 143 790 rum
161 752 455 790 oblivisceretur
470 776 483 798 ,
513 753 548 789 ὅ(
566 756 605 790 in
621 754 814 789 neminem
831 751 1023 789 acerbiore
1053 762 1227 788 uteretur

59 808 247 858 imperio.
279 804 430 844 Horum
462 806 561 843 nihil
580 820 620 844 ea
640 804 732 843 fecit
749 833 758 842 .
791 819 879 842 nani
901 807 936 842 ὅ(
967 807 1005 841 in
1036 804 1226 842 Macedo-

60 862 165 897 niam
183 858 350 909 profeEla
367 859 418 897 est
437 884 450 905 ,
468 861 503 896 ὅ(
521 859 574 897 ibi
592 858 842 898 crudelissime
860 858 896 896 se
910 858 1017 911 geffit
1034 886 1042 894 .
1074 857 1223 895 Petivit

57 926 186 950 antem
202 913 250 950 ab
266 912 437 951 Eumene
450 911 608 952 absente
637 928 685 950 ne
702 925 894 962 pateretur
909 937 922 958 ,
961 911 1136 962 Philippi
1153 911 1225 947 do-

56 979 142 1002 mus
157 967 194 1002 &
208 965 366 1002 familiae
384 967 661 1003 inimicissimos
679 966 830 1016 stirpem
857 979 1007 1017 quoque
1023 967 1224 1002 interime-

56 1033 126 1064 re,
155 1017 348 1070 ferretque
364 1033 474 1070 opem
504 1019 636 1057 liberis
652 1019 894 1056 Alexandri.
925 1032 1040 1069 quam
1066 1020 1223 1055 veniam

54 1071 82 1111 fi
97 1072 203 1109 daret
220 1096 234 1118 ‚
264 1086 377 1123 quam
396 1075 560 1123 primum
591 1075 781 1111 exercitus
812 1086 962 1123 pararet
987 1095 1001 1118 ,
1030 1085 1125 1122 qnos
1154 1070 1226 1108 fibi

56 1123 217 1164 subsidio
231 1127 434 1165 adduceret
452 1155 461 1163 .
491 1125 535 1163 Id
553 1141 628 1178 quo
657 1126 813 1164 facilius
829 1125 970 1164 faceret
988 1151 1001 1171 ,
1031 1125 1067 1162 se
1094 1126 1224 1162 omni-

0 1207 1 1215 ,
58 1178 124 1218 bus
142 1178 328 1230 praefefiiis
346 1184 465 1232 quiin
484 1181 610 1218 officio
633 1180 840 1218 manebant
858 1204 872 1225 ,
901 1178 1038 1216 misisse
1054 1178 1188 1216 literas
1205 1201 1223 1224 ,

54 1244 98 1270 ut
114 1236 149 1270 ei
166 1245 341 1284 parerent
359 1258 371 1278 ,
389 1234 543 1285 ejusque
559 1234 726 1272 consiliis
743 1245 939 1271 uterentur
956 1260 964 1268 .
998 1231 1075 1268 His
1093 1231 1221 1269 verbis

55 1285 248 1324 Eumenes
263 1300 458 1337 permotus
475 1288 592 1325 satius
606 1288 718 1325 duxit
735 1311 747 1333 ,
766 1287 788 1323 fi
810 1290 860 1324 ita
878 1285 1023 1324 tulisset
1042 1285 1218 1331 fortuna,

55 1343 179 1392 petire
196 1340 440 1379 benemeritis
470 1340 697 1379 referentem
727 1343 893 1393 gratiam
910 1365 923 1387 ,
953 1354 1068 1392 quam
1088 1342 1219 1392 ingra-

56 1406 139 1432 tum
156 1408 286 1432 vivere
302 1423 312 1432 .

111 1445 202 1484 Vll.
232 1447 368 1500 ltaque
381 1452 510 1501 copias
526 1452 720 1488 contraxit
736 1472 750 1495 ,
775 1447 921 1486 bellum
936 1446 1117 1486 adversus
1134 1446 1222 1485 An·

57 1503 233 1553 tigonum
262 1507 502 1554 comparavit
530 1532 539 1540 .
577 1504 693 1565 Quod
724 1517 797 1540 una
829 1516 937 1540 erant
976 1503 1214 1539 Macedones

56 1555 273 1605 complures
290 1558 439 1595 nobiles
456 1582 470 1604 ,
499 1560 538 1595 in
553 1558 611 1596 his
628 1556 823 1595 Peucestes
841 1581 853 1602 ,
883 1559 948 1608 qui
966 1558 1134 1608 corporis
1151 1569 1217 1592 cu-

58 1609 132 1647 stos
149 1607 271 1647 fuerat
288 1610 503 1649 Alexandri
521 1635 534 1658 ,
550 1624 632 1650 tum
649 1625 777 1649 autem
795 1611 996 1648 obtinebat
1013 1609 1215 1648 Persidem:

58 1664 95 1700 &
122 1662 336 1716 Antigenes
352 1690 366 1711 ,
395 1667 500 1718 cujus
529 1665 595 1704 sub
624 1668 786 1718 imperio
815 1665 985 1716 phalanx
1014 1675 1095 1701 erat
1124 1662 1220 1700 Ma-

54 1718 266 1755 cedonum:
297 1721 488 1758 invidiam
517 1733 651 1758 verens
668 1745 681 1766 ‚
708 1721 856 1770 (quam
887 1731 1016 1756 tamen
1043 1717 1208 1768 effugere

57 1785 135 1808 non
167 1775 292 1821 potuit
311 1774 325 1822 )
342 1773 366 1811 fi
396 1776 525 1824 potius
542 1774 619 1825 ipse
645 1774 862 1826 alienigena
893 1772 1030 1810 summi
1061 1771 1215 1822 imperii

57 1827 247 1876 potiretur
278 1841 393 1878 quam
424 1828 494 1865 alii
523 1829 783 1866 Macedonum
814 1851 827 1874 ,
857 1840 1018 1878 quorum
1046 1825 1098 1862 ibi
1130 1836 1213 1862 erat

57 1879 271 1918 multitudo
289 1896 301 1926 5
332 1884 369 1917 in
388 1885 589 1933 principiis
605 1885 760 1920 nomine
776 1879 993 1918 Alexandri
1011 1879 1142 1917 statuit
1158 1889 1220 1915 ta-

58 1931 304 1972 bernaculum
322 1958 335 1980 ,
364 1937 404 1972 in
421 1950 540 1986 eoque
556 1935 688 1974 sellam
704 1949 856 1973 auream
886 1949 971 1973 cum
997 1933 1143 1984 sceptro
1170 1945 1216 1974 ac

55 1985 274 2026 diademate
286 1988 387 2040 juffit
409 1993 502 2040 poni
519 2014 532 2036 ‚
561 2004 680 2042 eoque
695 2003 826 2028 omnes
843 1989 1017 2040 quotidie
1030 1987 1217 2026 conveni·

52 2052 111 2087 te,
127 2052 169 2078 ut
186 2041 239 2079 ibi
257 2044 304 2080 de
318 2041 474 2081 summis
490 2044 598 2082 rebus
613 2044 769 2083 consilia
785 2055 1011 2094 caperentur
1030 2055 1040 2086 3
1057 2040 1214 2078 credens

50 2098 206 2134 minore
223 2095 258 2133 se
274 2098 422 2135 invidia
439 2097 522 2137 fore
538 2123 552 2145 ,
581 2098 604 2136 si
619 2098 744 2150 specie
760 2100 910 2148 imperii
929 2120 942 2142 3
971 2092 1216 2144 nominisque

695 2150 726 2189 F
781 2163 801 2187 2
1053 2149 1166 2187 simu-
