1714 2719
0 2697 168 2712 --..⁸
212 2703 271 2713 ιι..

486 141 567 175 xxii
708 136 1314 178 TESTIMONIA.

433 233 540 270 parte
561 234 637 271 quae
651 224 825 272 antiquis
842 219 977 258 Gallia
1004 219 1155 272 Togata
1173 221 1441 272 appellabatur
1464 249 1472 259 .
1488 224 1601 266 ,Scri-

432 286 520 325 ptor
540 277 711 325 ingenio,
726 273 847 311 studio
866 278 1058 319 veritatis,
1077 274 1332 326 sermonisque
1348 288 1438 325 pura
1457 289 1499 313 ac
1516 277 1598 316 suc-

431 327 555 367 cin&a
574 328 765 378 elegantia
784 327 1060 365 laudatissimus
1077 351 1090 373 ‚
1118 327 1270 365 Catulli
1290 331 1354 379 qui
1379 329 1501 366 eidem
1520 344 1602 367 car-

433 385 536 421 mina
556 380 618 418 sua
636 380 821 430 inscripsit
838 405 850 425 ‚
871 383 967 418 civis
985 382 1020 417 &
1037 384 1180 418 amicus
1197 406 1210 427 ‚
1240 381 1440 419 destinaus
1465 386 1600 433 primis

433 438 546 474 annis
564 437 800 484 principatus
822 434 983 485 Augusti
1003 458 1015 480 ,
1045 435 1115 471 hoc
1133 434 1182 471 est
1212 434 1291 485 post
1310 449 1451 472 annum
1487 434 1533 472 V.
1551 435 1599 473 C.

432 486 710 528 DCCXXIV.
744 491 809 538 qui
826 486 901 524 fuit
918 499 1006 525 ante
1034 487 1069 524 C
1087 485 1128 523 H
1146 488 1188 526 R
1207 487 1222 524 l
1240 489 1262 525 S
1282 487 1315 524 T
1333 487 1369 525 U
1389 488 1436 524 M
1465 502 1599 526 natum

482 595 532 632 II.
563 594 725 632 Exstant
743 597 821 644 ejus
856 596 948 630 Vita·
973 593 1228 630 Eae-cellensium
1246 598 1392 631 Graesiae
1407 598 1602 644 Imperato-

427 649 586 695 rumfive
599 646 681 683 belli
693 647 822 683 ducum
849 652 944 682 XX.
962 648 1094 685 dicatae
1124 648 1338 698 Pomponio
1363 648 1502 686 Attico
1518 664 1526 686 :
1564 661 1595 686 1.

428 701 619 741 Miltiadis
635 725 648 747 ,
679 713 712 737 2.
731 699 972 746 Themistoclis
990 724 1003 745 ,
1036 713 1067 746 3.
1088 701 1264 747 Aristidis
1282 725 1294 747 ,
1324 715 1360 744 4.
1381 702 1597 751 Pauflmiae,

432 771 463 803 5.
481 757 639 791 Cimonis
655 777 668 799 ,
699 756 733 790 6.
752 751 926 800 Lysandri
943 776 956 798 ,
987 766 1022 798 7.
1042 752 1247 789 Alcibiadis
1265 777 1278 798 ,
1311 755 1343 790 8.
1361 755 1573 804 Thrasybuli
1585 779 1599 800 ‚

427 826 463 859 9.
481 809 634 845 Cononis
650 831 663 852 ,
698 819 754 842 10.
788 807 920 841 Dionis
951 828 963 850 ,
998 819 1012 841 1
1024 819 1054 842 1.
1073 805 1267 854 Iphicratis
1285 830 1298 851 ,
1333 818 1390 843 12.
1407 806 1568 844 Chabriae
1585 832 1598 855 ‚

431 878 447 900 1
459 877 488 910 3.
512 858 691 897 Timothei
709 883 721 904 ,
756 872 813 901 14.
830 861 1004 894 Datamis
1021 883 1034 904 ³
1068 871 1125 904 15.
1143 860 1390 910 Epaminondae
1406 885 1419 906 ,
1454 863 1511 898 16.
1531 865 1600 898 Pe-

427 914 551 965 lopidae
569 938 582 959 ,
618 926 674 958 17.
697 911 851 960 Agefilai
871 935 884 956 ,
919 914 974 947 13.
1002 916 1169 948 Eumenis
1185 937 1215 959 ,γ
1232 927 1288 961 19.
1308 912 1495 950 Phocionis
1512 938 1525 957 ,
1555 915 1601 956 <⁴5

426 983 487 1008 20·
501 966 736 1004 Timoleontis
755 992 763 1000 .
782 964 828 1001 In
846 964 1070 1015 quibusdam
1088 967 1322 1003 editionibus
1340 979 1380 1004 ut
1396 968 1600 1004 Oxonien-

425 1024 452 1062 fi
469 1023 520 1060 A.
543 1024 610 1065 167
622 1032 652 1063 5.
680 1022 787 1066 1697.
805 1019 838 1054 8.
856 1018 1010 1055 additur
1027 1018 1120 1056 Vita
1140 1019 1395 1057 Aristomenis
1413 1021 1597 1057 hdeffenii

427 1091 503 1115 non
520 1073 672 1112 astiore
688 1078 825 1120 Nepote
841 1094 854 1117 ,
884 1070 946 1108 sed
964 1072 1148 1109 Pausania
1168 1097 1180 1117 ,
1209 1086 1254 1110 ex
1286 1075 1364 1124 ejus
1386 1073 1598 1111 Messenia-

426 1132 497 1175 cis,
510 1141 625 1180 graece
639 1139 683 1163 ac
699 1127 821 1163 latine
838 1151 846 1160 .
878 1122 1155 1174 Imperatorum
1171 1125 1390 1163 Graecorum
1409 1129 1502 1164 vitis
1517 1132 1598 1163 Ne-

422 1193 483 1233 pos
501 1182 657 1232 subjecit
677 1191 736 1215 21.
757 1178 908 1215 brevem
921 1181 962 1213 de
979 1177 1122 1226 Regibus
1142 1178 1337 1216 Persarum
1354 1178 1598 1217 Graecorum-

428 1250 501 1287 que
519 1235 942 1276 commemorationem,
961 1234 999 1267 in
1016 1234 1122 1282 cujus
1141 1236 1255 1269 initio
1273 1235 1400 1270 innuit
1418 1237 1590 1271 omnium

427 1291 465 1328 se
485 1303 541 1326 res
558 1286 678 1339 gestas
708 1285 911 1336 separatim
943 1285 1112 1322 retulisse
1129 1310 1142 1330 ,
1172 1288 1236 1336 qui
1267 1286 1363 1323 liber
1380 1286 1492 1324 hodie
1518 1301 1595 1324 non

427 1342 550 1381 exstat
568 1368 577 1376 .
608 1341 679 1377 Sed
696 1338 815 1376 exstat
849 1349 1023 1388 praeterea
1041 1338 1136 1376 Vita
1169 1351 1227 1376 22.
1256 1338 1483 1375 Hamilcaris
1505 1340 1597 1377 Bar-

424 1410 474 1435 cae
491 1420 504 1441 ,
533 1396 567 1431 &
586 1407 645 1440 23.
666 1393 739 1430 filii
756 1394 834 1443 ejus
852 1391 1075 1428 Hannibalis
1092 1416 1106 1438 ,
1134 1390 1414 1443 Imperatorum
1430 1393 1596 1431 Cartha-

421 1448 649 1503 ginienfium
667 1474 676 1482 .

481 1502 752 1540 Romanorum
768 1512 919 1551 quoque
935 1498 1030 1536 belli
1045 1499 1185 1537 ducum
1205 1502 1308 1538 vitas
1324 1500 1500 1538 fimiliter
1515 1512 1595 1538 tra-

426 1557 574 1594 diderat
592 1560 710 1603 Nepos
733 1577 745 1600 ,
775 1567 794 1591 e
810 1552 947 1604 quibus
965 1551 1043 1590 sola
1061 1565 1211 1591 aetatem
1228 1554 1321 1591 tulit
1339 1557 1421 1592 vita
1439 1567 1500 1597 24.
1519 1559 1594 1590 Ca-

423 1613 520 1646 tonis
535 1610 692 1659 majoris
709 1631 722 1653 ,
750 1609 789 1643 in
807 1607 912 1658 cujus
943 1618 1116 1645 extremo
1132 1603 1291 1646 testatur
1313 1606 1350 1645 se
1366 1609 1412 1646 de
1440 1608 1593 1646 Catone

425 1663 629 1714 separatim
647 1661 787 1698 librum
818 1660 946 1697 fecisse
976 1674 1110 1712 rogatu
1128 1661 1174 1699 Τ.
1206 1662 1414 1712 Pomponii
1431 1661 1561 1700 Attici
1580 1688 1591 1697 .

425 1718 498 1755 Sed
515 1718 549 1753 &
568 1716 636 1752 ille
652 1715 799 1765 pridem
818 1715 1015 1751 intercidit
1033 1742 1042 1750 .

477 1769 661 1820 Denique
689 1774 826 1816 Nepote
858 1767 1008 1804 auetore
1046 1766 1225 1818 scriptam
1267 1768 1448 1807 habemus
1479 1769 1590 1820 hujus

423 1824 539 1875 ipsius
556 1835 616 1868 25.
635 1823 764 1860 Attici
780 1824 794 1872 (
810 1819 828 1856 b
844 1821 860 1870 )
879 1824 1018 1867 vitam,
1031 1835 1144 1873 quam
1161 1825 1264 1861 inter
1277 1822 1479 1860 Ciceronis
1495 1822 1593 1874 Epi-

1464 1875 1540 1914 sto-

420 1983 498 2035 (b)
527 1987 572 2018 In
586 1981 700 2018 codice
716 1981 864 2029 Giflmii
878 1995 962 2020 ante
976 1985 1093 2019 vitam
1109 1985 1236 2019 Attici
1249 1981 1422 2031 legebatur
1439 1997 1447 2020 :
1463 1982 1523 2020 Ex
1541 1984 1592 2020 li-

476 2037 544 2073 bro
557 2035 733 2073 Cornelii
752 2035 918 2085 Nepotis
935 2039 981 2075 de
998 2036 1151 2074 Latinis
1177 2034 1384 2074 Historicis
1404 2064 1411 2071 .
1442 2042 1536 2073 Sane
1549 2036 1591 2073 de

476 2087 670 2137 illzgstribus
685 2089 882 2137 Historias
896 2089 1198 2142 librumsbfhctffi’
1212 2090 1363 2139 testatur
1387 2089 1427 2131 N
1432 2104 1521 2142 epos
1551 2093 1592 2127 itt
