1714 2719
528 140 576 179 46
683 137 1054 175 CORNELII
1108 139 1426 180 NEPOTIS

474 228 549 251 non
567 215 686 252 lenire
702 214 881 266 obsequio
893 238 906 260 ,
926 213 986 251 sed
1003 215 1212 253 acerbitate
1229 217 1444 264 opprimere
1455 214 1604 255 studuit
1621 241 1636 264 ,
1678 245 1680 249 ,
1710 226 1714 258 ,1

475 265 801 319 Heraclidemquc
818 293 831 314 ,
861 282 945 305 cum
963 269 1162 317 Syracusas
1181 268 1341 307 venisset
1360 292 1376 314 ‚
1401 268 1635 308 interficien-

473 322 561 358 dum
580 325 728 359 curavit
749 350 758 356 .

524 374 614 412 VII.
645 376 760 437 Qod
780 373 922 412 i'athum
940 374 1117 412 omnibus
1134 379 1348 412 maximum
1379 377 1555 412 timorem
1573 378 1635 412 in-

470 429 564 478 jecit
582 457 589 464 .
622 443 733 466 nemo
764 431 866 465 enim
900 428 971 464 illo
988 427 1190 466 interfefi‘co
1222 428 1257 465 se
1287 440 1413 465 tutum
1445 428 1604 477 putabat
1622 455 1630 464 .

469 480 545 519 Ille
560 494 690 520 autem
707 481 925 519 adversario
956 493 1106 518 remoto
1122 507 1136 527 ,
1165 482 1346 519 licentius
1375 495 1502 518 eorum
1535 481 1630 519 bona

470 550 564 586 quos
580 535 722 574 sciebat
737 534 914 572 adversus
931 533 968 571 se
984 533 1127 572 sensisse
1145 558 1157 579 ,
1176 533 1367 571 militibus
1384 533 1603 585 dispertivit
1621 563 1629 570 .

510 589 619 626 uibus
635 589 782 633 divisis,
799 602 883 625 cum
900 588 1117 638 quotidiani
1133 591 1293 624 maximi
1311 587 1443 625 fierent
1460 587 1603 624 sumtus
1616 611 1631 632 ,

474 644 652 680 celeriter
667 643 823 693 pecunia
842 640 961 677 deesse
978 644 1091 690 coepit
1108 656 1115 677 :
1133 655 1255 691 neque
1271 655 1344 692 quo
1360 655 1494 678 manus
1511 644 1633 691 porri-

468 708 574 747 geret
590 720 604 741 ,
633 694 855 745 suppetebat
874 717 886 739 ,
916 693 981 730 nisi
1003 696 1040 729 in
1055 696 1264 730 amicorum
1295 694 1530 743 posseffiones
1548 722 1556 730 .
1586 693 1632 731 Id

470 749 653 799 ejusmodi
671 760 750 784 erat
769 771 782 792 ,
811 759 852 783 ut
869 760 954 784 cum
972 746 1119 783 milites
1136 746 1413 784 reconciliasset
1431 770 1444 792 ‚
1473 750 1632 785 amitte-

468 814 524 839 ret
542 805 750 852 optimates
764 828 772 836 .
803 802 976 862 Qarum
992 814 1115 836 rerum
1135 814 1222 837 cura
1238 800 1502 851 frangebatur,
1519 802 1554 837 &
1572 803 1633 837 in-

467 855 593 893 suetus
607 855 708 892 male
737 854 918 891 audiendi
936 877 949 898 ,
978 867 1054 889 non
1074 867 1179 904 aequo
1209 857 1340 891 animo
1379 851 1524 890 ferebat
1541 877 1554 899 ,
1584 854 1631 891 de

468 908 506 946 se
522 909 569 945 ab
587 910 646 946 his
676 909 778 945 male
807 906 1016 945 existimari
1039 921 1212 957 quorum*
1231 906 1364 958 paullo
1379 918 1470 943 ante
1488 910 1526 944 in
1559 921 1631 944 cae-

467 963 548 1000 lum
563 961 686 1000 fuerat
717 962 840 999 elatus
870 960 1047 997 laudibus
1065 987 1073 995 .
1104 959 1254 1012 Vulgus
1272 972 1400 997 autem
1419 959 1556 997 offensa
1587 962 1626 996 in

466 1031 552 1056 eum
569 1017 740 1052 militum
769 1015 970 1052 voluntate
987 1038 1000 1059 ,
1029 1013 1187 1050 liberius
1218 1013 1445 1064 loquebatur
1461 1036 1474 1058 ,
1503 1014 1539 1048 &
1567 1025 1630 1061 ty-

467 1084 629 1106 ranuum
645 1083 721 1106 non
738 1067 935 1106 ferendum
953 1066 1156 1103 cli&itabat
1172 1093 1181 1101 .

522 1121 631 1158 VIII.
664 1120 760 1158 Haec
790 1121 858 1158 ille
889 1124 1038 1157 intuens
1065 1143 1077 1164 ,
1107 1133 1192 1157 cum
1221 1119 1539 1170 quemadmodum
1570 1117 1626 1156 se-

465 1176 574 1213 daret
595 1200 609 1222 ,
628 1175 788 1213 nesciret
806 1199 818 1221 ³
836 1176 870 1211 &
887 1171 1064 1225 quorsum
1081 1173 1286 1210 evaderent
1303 1197 1315 1218 ‚
1332 1175 1485 1209 timeret
1507 1186 1516 1217 ;
1532 1170 1629 1208 Ca}-

453 1231 625 1273 ,licrates
642 1230 795 1280 quidam
815 1252 827 1274 ,
857 1231 953 1265 civis
971 1226 1216 1264 Athenienfis
1234 1250 1247 1271 ,
1277 1229 1342 1277 qui
1358 1226 1467 1263 simul
1484 1239 1568 1262 cum
1585 1239 1628 1262 eo

466 1297 518 1320 ex
537 1281 799 1333 Peloponneso
817 1285 854 1318 in
876 1281 1049 1318 Siciliam
1068 1292 1222 1317 venerat
1236 1304 1248 1324 ,
1267 1280 1379 1316 homo
1395 1281 1429 1316 ὃ(
1446 1279 1629 1323 callidus,

468 1338 504 1372 ὃ(
521 1338 570 1373 ad
586 1335 756 1373 fraudem
775 1348 907 1373 acutus
927 1360 936 1378 ‚
969 1333 1044 1370 sine
1060 1333 1138 1370 ulla
1157 1334 1344 1384 religione
1358 1346 1403 1370 ac
1418 1331 1493 1370 fide
1508 1356 1522 1377 ,
1547 1333 1629 1368 adit

467 1390 516 1426 ad
534 1388 706 1427 Dionem
723 1414 737 1435 ,
766 1390 801 1426 &
817 1393 873 1425 ait
890 1413 903 1434 ,
932 1401 1015 1425 cum
1032 1389 1069 1422 in
1087 1400 1226 1437 magno
1242 1387 1413 1436 periculo
1429 1385 1501 1423 effe
1513 1409 1526 1432 5
1542 1399 1630 1435 pro-

470 1455 556 1493 pter
573 1443 818 1480 offensionem
835 1442 993 1492 populi,
1011 1442 1046 1476 ὅ(
1062 1441 1191 1476 odium
1208 1439 1378 1477 militum
1395 1455 1403 1476 z
1422 1440 1522 1490 quod
1539 1438 1627 1475 nul÷

468 1498 508 1534 lo
526 1497 641 1534 modo
656 1500 802 1534 evitare
835 1496 954 1545 posset
972 1518 984 1538 ,
1014 1493 1081 1530 nisi
1114 1494 1231 1530 alicui
1264 1491 1412 1530 suorum
1433 1495 1628 1544 negotium

471 1552 578 1587 daret
598 1575 610 1595 ‚
628 1553 692 1601 qui
711 1550 746 1588 se
763 1550 953 1586 simularet
969 1548 1031 1583 illi
1050 1549 1250 1584 inimicum
1269 1570 1282 1591 ,
1300 1560 1409 1597 quem
1428 1544 1630 1583 invenisset

472 1604 651 1641 idoneum
670 1632 678 1639 .
710 1603 826 1641 facile
842 1604 1013 1640 omnium
1029 1604 1179 1637 animos
1195 1603 1434 1651 cogniturum
1454 1624 1466 1645 ‚
1495 1600 1631 1636 adver-

468 1656 659 1708 sariosque
676 1656 911 1694 sublaturum
930 1680 943 1701 ,
962 1655 1062 1706 quod
1079 1656 1227 1690 inimici
1244 1655 1322 1705 ejus
1337 1653 1527 1690 diffidenti
1545 1651 1629 1689 suos

467 1709 594 1747 sensus
612 1714 780 1760 aperturi
798 1710 922 1746 forent
945 1736 953 1744 .
988 1708 1076 1745 Tali
1094 1707 1250 1745 confilio
1267 1707 1427 1757 probato
1443 1731 1456 1752 ,
1482 1708 1627 1755 excipit

467 1764 535 1801 has
552 1777 677 1814 partes
696 1763 773 1814 ipse
800 1763 1032 1800 Callicrates
1050 1786 1063 1807 ,
1093 1762 1128 1797 &
1144 1760 1181 1798 se
1209 1773 1332 1798 armat
1368 1760 1625 1810 imprudentia

466 1817 614 1854 Dionis
633 1832 640 1855 :
670 1818 717 1854 ad
733 1832 817 1854 eum
838 1816 1143 1853 interficiendum
1174 1813 1293 1852 socios
1310 1817 1502 1865 conquirit
1519 1837 1531 1859 ,
1561 1813 1629 1850 ad-

468 1871 652 1908 versarios
667 1873 746 1922 ejus
763 1871 1266 1920 convenit-,conjurationem
1282 1867 1482 1905 confirmat
1495 1894 1504 1901 -
1523 1865 1624 1911 Res,

467 1925 604 1962 multis
621 1924 780 1962 consciis
798 1938 876 1975 quae
892 1935 1108 1974 gererentur
1124 1945 1137 1968 ,
1166 1923 1267 1959 elata
1290 1920 1452 1958 refertur
1469 1921 1515 1958 ad
1533 1920 1627 1957 Ari-

468 1977 681 2015 stomachen
713 1977 874 2014 sororem
906 1974 1050 2014 Dionis
1067 2000 1080 2022 ,
1107 1989 1339 2027 uxoremque
1368 1974 1513 2012 Areten
1531 2001 1540 2009 .
1569 1973 1625 2010 Il-

469 2032 511 2069 lae
529 2034 666 2070 timore
680 2035 886 2082 perterrirae
905 2054 917 2076 ³
946 2033 1181 2068 conveniunt
1197 2031 1301 2081 cujus
1317 2029 1363 2066 de
1387 2027 1556 2080 periculo
1573 2029 1624 2065 ti-

1489 2095 1572 2118 me-

1707 753 1714 964 1

1709 1667 1714 1742 ἰ

1710 1758 1714 1801 ι

1708 1814 1714 1903 l

1707 1920 1714 1957 i

1709 1968 1714 2063 l

1672 383 1676 477 ἓ

1674 918 1679 1001 ¹

1675 1136 1680 1328 i

1676 2413 1679 2516 Ξ
