1714 2719
523 142 593 177 xvi
719 136 1334 181 TESTIMONIA.

441 216 538 256 Padi
555 230 634 257 erat
649 219 778 256 accola
796 242 809 264 ι,
839 218 933 256 teste
948 218 1078 257 Plinio
1095 218 1239 257 libJII.
1258 232 1340 269 cap.
1360 218 1514 266 XVIII.
1532 238 1609 262 un..

439 271 488 308 de
502 272 664 310 Catullo
679 275 955 323 epigrammate
970 276 1094 323 primo
1110 272 1234 310 Italus
1255 286 1265 317 3
1280 272 1456 313 Ausonio
1475 289 1607 316 autem

440 321 590 374 Idyllio
632 324 738 362 VII.
769 324 913 363 Gallus
943 338 1102 365 vocatur
1125 354 1135 362 .
1182 325 1336 375 Nempe
1367 332 1456 378 quia
1487 328 1607 368 Italia

439 376 714 431 Transpadana
731 380 919 417 diceretur
933 378 1068 417 Gallia
1089 379 1236 431 Togata
1255 407 1262 413 .
1291 378 1355 417 De
1370 382 1461 419 urbe
1476 387 1603 432 patria

439 434 650 484 quidquam
667 433 703 470 se
719 433 856 471 habere
871 435 1057 483 comperti
1075 456 1087 479 ‚
1118 444 1233 486 negat
1249 431 1358 470 Elias
1376 433 1542 473 Vinetus
1560 440 1608 474 in.

438 485 586 524 Auson.
604 486 723 535 Idyll.
745 485 834 523 VII.
856 487 912 524 At
931 486 1189 524 Veronensem
1219 486 1330 524 fuisse
1360 489 1400 523 in
1433 488 1604 527 Leandri

437 538 596 577 Alberti
612 539 728 578 Italia
745 541 830 592 lego
848 555 854 576 ι
889 544 947 578 uti
964 541 1000 577 &
1017 543 1055 577 in
1072 540 1372 592 Cosmographia
1391 545 1530 592 optimi
1547 555 1608 580 at-

439 605 512 642 que
528 594 741 631 amiciffimi
758 594 951 644 quondam
971 594 1179 639 viri,Pauli
1199 593 1373 631 Nlerulae.
1393 593 1535 642 Immo,
1553 611 1601 635 ex
1663 627 1665 629 ,

436 645 710 685 Veronenfium
743 646 1003 684 historicorum
1035 646 1216 697 syllabo(
1237 662 1347 698 quem
1366 649 1598 688 doffiffimus

436 700 761 751 ampliffimusque
778 700 1003 737 Alexander
1021 700 1196 738 Becellus
1219 725 1232 745 ,
1256 701 1478 739 Veronensis
1497 704 1601 740 urbis

434 753 701 792 Cancellarius
723 778 736 799 ,
762 752 855 790 fecit
873 777 885 799 ,
911 767 955 790 ac
972 751 1242 789 illustriffimus
1258 753 1400 790 Comes
1436 754 1610 794 Fernan-

434 807 504 843 dus
522 806 718 857 Nogarola
737 829 749 851 ,
781 809 840 843 vir
857 817 896 843 ut
913 820 1049 856 genere
1068 829 1084 851 ‚
1099 808 1153 842 ita
1180 806 1380 842 literarum
1398 806 1521 846 studio
1537 824 1606 847 no-

435 859 637 897 biliffimus
654 884 667 906 5
697 873 782 898 cum
799 858 848 896 V.
868 859 952 897 CL.
971 859 1186 897 Laurentio
1203 859 1385 910 Pignorio
1406 885 1418 907 ,
1444 873 1560 913 atque
1576 865 1610 900 is

434 926 582 950 mecum
601 938 613 959 ,
643 913 976 961 communicavit)
993 913 1213 964 intelligo,
1236 925 1368 950 natum
1391 913 1502 952 fuisse
1530 921 1608 953 Ne-

427 976 543 1016 potem
559 971 598 1004 in
617 966 786 1005 Hostilia
806 982 813 1003 2
834 970 898 1017 qui
917 965 1190 1004 Veronenfium
1211 968 1316 1003 vicus
1333 967 1383 1004 est
1401 991 1413 1013 ,
1440 967 1604 1015 Tacito,

432 1019 565 1058 Plinio
583 1045 595 1067 ,
623 1021 844 1058 Gaffiodoro
860 1044 873 1067 ,
903 1022 939 1056 &
956 1019 1162 1057 Antonino
1179 1023 1219 1057 in
1238 1018 1442 1058 Itinerario
1457 1036 1604 1060 memo-

431 1086 535 1111 ratus
554 1098 566 1120 ,
609 1075 796 1125 hodieque
812 1073 1064 1112 ecclesiasticae
1081 1072 1355 1111 Veronenfium
1372 1074 1606 1125 jurisdiciio-

430 1129 471 1163 ni
489 1127 660 1166 subditus
680 1156 688 1164 .
722 1127 939 1165 Historicus
956 1128 1017 1165 hic
1032 1126 1235 1165 Ciceronis
1268 1131 1413 1165 amicus
1430 1127 1603 1166 familia-

430 1183 482 1217 ris
504 1195 524 1218 a
544 1180 683 1219 Gellio
702 1194 860 1219 vocatur
876 1182 943 1219 lib.
963 1180 1056 1218 XV.
1075 1194 1156 1231 cap.
1178 1179 1376 1218 XXVIII.
1407 1180 1599 1220 Chronica

427 1233 611 1283 scripsisse
626 1260 640 1281 ,
656 1235 760 1273 testis
778 1234 828 1273 est
847 1235 946 1272 idem
964 1233 1121 1272 Gellius
1138 1235 1205 1272 lib.
1226 1233 1361 1271 XVII.
1381 1249 1463 1286 cap.
1481 1235 1598 1273 XXI.

430 1285 475 1323 In
500 1287 557 1326 his
573 1302 641 1340 pro
662 1289 808 1339 triplici
826 1301 998 1339 tempore
1014 1313 1027 1336 ‚
1056 1287 1198 1340 οἰόᾪῖλῳ
1223 1313 1238 1335 ,
1265 1290 1417 1341 μυθικῷ
1434 1313 1448 1335 ,
1476 1294 1507 1344 73⁸
1523 1288 1603 1329 lfo-

428 1341 528 1391 8)an
543 1366 556 1388 ‚
585 1343 661 1392 (de
678 1343 815 1394 quibus
832 1356 878 1380 ex
895 1342 1068 1382 Varrone
1084 1365 1098 1389 5
1126 1344 1162 1380 &
1176 1344 1266 1380 aliis
1283 1367 1297 1389 ,
1322 1342 1422 1381 libro
1437 1343 1484 1382 de
1517 1355 1601 1382 arte

427 1392 605 1433 historica
623 1397 790 1433 diximus
807 1398 822 1447 )
840 1408 914 1434 tres
933 1398 1085 1436 videtur
1101 1395 1282 1448 scripsisse
1299 1397 1416 1434 libros
1438 1411 1449 1442 3
1466 1411 1510 1434 ac
1526 1397 1600 1441 sin-

431 1450 536 1499 gulis
551 1453 663 1487 unius
684 1454 868 1501 temporis
885 1454 1142 1490 narrationem
1160 1450 1233 1488 esse
1248 1452 1473 1501 complexus
1490 1477 1499 1486 .
1530 1452 1600 1488 Sa-

429 1516 479 1540 ne
494 1514 569 1540 tres
586 1503 704 1541 libros
721 1503 849 1542 secisse
865 1510 1051 1553 Nepotem,
1071 1505 1209 1557 quibus
1226 1519 1338 1542 omne
1358 1519 1477 1542 aevum
1495 1519 1598 1542 com-

426 1556 670 1606 prehenderit
686 1581 699 1603 ,
720 1558 871 1608 liquido
887 1557 1045 1596 testatur
1059 1559 1241 1597 Catullus
1258 1560 1374 1595 initio
1394 1557 1600 1596 Hendeca·

427 1608 663 1658 syllaborum
685 1636 695 1646 .
725 1610 810 1650 Nec
826 1610 1045 1650 historicum
1078 1625 1228 1664 tempus
1246 1612 1292 1649 ab
1312 1626 1356 1650 eo
1385 1612 1504 1650 solum
1524 1611 1596 1650 else

429 1662 634 1701 tra-statum
654 1688 667 1711 ‚
697 1665 840 1702 indicio
857 1664 908 1703 est
924 1665 1023 1703 illud
1055 1665 1243 1704 Ausonii:
1274 1665 1444 1714 Apologos
1466 1668 1597 1701 Titia-

424 1719 480 1762 ni,
497 1717 540 1759 (ς’
556 1721 708 1766 Nepotis
723 1718 897 1755 Chronica
913 1744 927 1766 ,
945 1721 1048 1766 quast
1055 1719 1145 1756 alios
1161 1718 1316 1769 apologos
1331 1721 1359 1765 f
1369 1733 1450 1755 nam
1465 1719 1509 1760 (ς’
1524 1719 1596 1768 ipsa

427 1770 538 1817 instar
543 1770 757 1818 fabularum
758 1773 849 1822 fimt
857 1776 886 1823 )
901 1773 952 1809 ad
963 1774 1186 1810 nobilitatem
1202 1784 1304 1809 tuam
1318 1774 1416 1819 misi.
1435 1772 1533 1810 Item
1549 1787 1595 1810 ex

425 1837 474 1862 eo
514 1826 614 1876 quod
636 1825 903 1864 Tertullianus
933 1830 972 1864 in
991 1827 1250 1880 Apologetico
1266 1826 1446 1864 adversus
1463 1839 1594 1877 gentes

426 1877 525 1927 (ubi
542 1893 625 1916 eum
653 1882 753 1916 inter
768 1883 1045 1931 antiquitatum
1077 1892 1394 1919 commentatores
1421 1882 1593 1917 disertim

427 1935 579 1981 reponit
596 1933 611 1981 )
628 1933 722 1970 dicit
739 1956 753 1979 5
791 1933 889 1971 haud
905 1935 1010 1972 aliud
1027 1936 1230 1972 Saturnum
1248 1947 1359 1984 quam
1378 1934 1592 1980 hominem,

427 1985 684 2036 promulgasse
700 2013 709 2022 .
739 1988 854 2046 QOd
871 1991 988 2025 etiam
1007 1988 1234 2026 Laciantius
1249 1988 1367 2024 tradit
1386 1986 1488 2024 lib.1.
1507 2001 1589 2038 cap.

422 2037 540 2077 XIII.
576 2039 761 2092 Reliquit
791 2053 967 2092 praeterea
1002 2042 1122 2082 libros
1153 2040 1358 2080 illustrium
1390 2044 1591 2088 virorum,

1443 2108 1536 2146 quo·

617 2702 645 2717 κ
660 2697 662 2699 ’
682 2697 845 2719 ’τὼν-δι(
857 2702 931 2719 „2”
941 2701 1066 2719 *zar-⁴⁴·
