1714 2719
505 149 557 179 40
663 134 1033 174 CORNELII
1089 135 1404 176 NEPOTIS

457 214 510 253 set
529 240 541 262 ,
570 213 789 266 Agesilaum
806 217 936 254 Afiam
956 216 1082 255 Tauro
1103 230 1212 256 tenus
1242 222 1319 269 regi
1335 218 1617 273 fuisse-ereptu-

457 283 537 306 rum
556 296 564 303 .
586 270 664 328 Qi
681 269 804 318 postea
822 285 932 321 quam
953 271 1107 308 domum
1123 285 1143 307 a
1162 271 1235 308 suis
1252 272 1400 310 civibus
1418 288 1614 313 revocatus

457 322 508 360 est
526 346 538 368 ‚
555 323 655 373 quod
671 321 811 360 Boeotii
827 325 860 360 &
877 323 1133 361 Athenienses
1151 323 1449 364 Lacedaemoniis
1467 328 1612 366 bellum

458 376 677 413 indixerant
694 400 707 422 ,
735 376 872 414 Conon
891 377 1016 414 nihilo
1033 375 1150 414 secius
1166 379 1266 427 apud
1296 379 1488 428 praefeEios
1517 385 1615 432 regis

459 428 678 467 versabatur
693 453 706 472 ‚
735 429 855 480 iisque
871 430 1046 467 omnibus
1064 444 1202 480 magno
1218 444 1296 467 erat
1313 432 1393 469 usui
1411 461 1420 469 .

508 480 579 518 III.
613 480 818 520 Defecerat
847 497 868 519 a
899 497 984 534 rege
1007 481 1272 533 Tissaphernes
1289 511 1297 519 .
1328 500 1450 536 neque
1480 488 1516 524 id
1533 499 1613 524 tam

458 534 669 573 Artaxerxi
700 549 813 585 quam
843 541 978 573 ceteris
1009 548 1088 573 erat
1116 548 1290 586 apertum
1308 564 1316 573 .
1345 540 1480 577 multis
1510 543 1614 577 enim

456 587 679 639 magnisque
694 591 844 625 meritis
859 590 958 638 apud
988 603 1110 639 regem
1130 613 1142 634 ,
1172 592 1287 626 etiam
1321 606 1403 628 cun]
1420 596 1461 630 in
1491 595 1614 630 officio

457 656 533 678 non
565 653 735 678 maneret
752 665 764 686 ,
795 641 948 678 valebat
964 669 972 676 .
1003 641 1140 692 Neque
1169 643 1433 682 admirandum
1451 670 1464 691 ‚
1493 646 1516 683 fi
1535 660 1613 683 non

455 694 573 731 facile
588 695 635 730 ad
651 694 877 731 credendum
894 695 1145 731 inducebatur
1160 718 1172 738 ‚
1195 696 1436 735 reminiscens
1453 723 1466 744 ,
1483 701 1561 749 ejus
1578 698 1616 736 se

457 761 570 797 opera
586 746 733 796 Cyrum
750 746 906 784 franem
923 747 1106 797 superasse
1122 773 1131 782 .
1163 745 1291 798 Hujus
1314 750 1514 788 accusandi
1530 766 1616 802 gra·

456 803 511 837 tia
527 799 665 837 Conon
683 814 702 836 a
737 799 981 838 Pharnabazo
1010 801 1056 837 ad
1076 814 1200 851 regem
1225 802 1355 839 missus
1373 826 1386 848 ,
1415 803 1616 855 postquam

456 856 566 891 venit
582 877 595 898 ⁴,
625 855 789 903 primum
807 867 850 890 ex
867 868 973 891 more
989 853 1182 890 Persarum
1198 856 1246 891 ad
1262 855 1528 903 chiliarchum,
1547 861 1616 908 qui
1647 878 1649 883 v

454 906 659 944 secundum
676 908 830 957 gradum
848 910 997 958 imperii
1014 907 1168 944 tenebat
1183 906 1475 951 ⁴rTsthraustem
1491 910 1616 948 acces-

455 960 499 997 srt
515 984 530 1004 ,
548 959 657 1010 seque
673 959 836 997 ostendit
852 975 935 998 cum
954 975 1038 1011 rege
1053 961 1225 1010 colloqui
1242 961 1363 998 velle.
1382 977 1494 1001 nemo
1509 967 1615 1001 enim

457 1013 533 1050 fine
550 1013 619 1049 hoc
635 1013 856 1050 admittitur
871 1040 879 1049 .
910 1011 1016 1050 Huic
1032 1014 1099 1050 ille
1116 1016 1242 1063 inquit
1258 1038 1270 1059 ,
1299 1014 1418 1051 Nulla
1432 1029 1527 1052 mora
1540 1017 1586 1063 est
1602 1043 1612 1052 .

449 1064 513 1116 fi’d
525 1075 569 1101 tu
581 1063 731 1102 delibera
750 1076 871 1101 utrum
897 1066 1048 1112 colloqui
1062 1065 1166 1101 malis
1184 1090 1196 1110 ,
1224 1080 1272 1102 an
1288 1076 1347 1114 per
1364 1067 1488 1105 literas
1521 1068 1616 1105 edere

453 1132 532 1166 quo?
545 1121 678 1165 cogitas
695 1146 703 1154 .
732 1119 854 1166 neceffi’
862 1119 913 1166 est
926 1123 1017 1156 enim
1032 1144 1044 1166 ‚
1051 1120 1138 1164 siin
1151 1119 1360 1168 conspeeffum
1374 1124 1510 1158 veneris
1525 1147 1537 1168 ,
1555 1136 1617 1158 ve-

455 1175 573 1208 mrari
589 1183 623 1208 te
638 1170 770 1219 regem3
800 1173 899 1223 quod
918 1175 1123 1219 -ταγοσκυυεῖν
1142 1172 1204 1208 illi
1224 1185 1362 1210 vocant
1379 1202 1387 1210 .
1417 1173 1522 1221 bocsi
1543 1174 1615 1211 tibi

448 1239 558 1274 grave
584 1225 630 1272 est
647 1249 660 1270 ‚
683 1234 744 1274 per
770 1238 820 1261 me
834 1224 946 1261 nihilo
965 1225 1081 1273 ftcius
1108 1224 1219 1261 editis
1247 1224 1430 1263 mandatis
1455 1228 1615 1274 conficies

453 1278 673 1326 quodstudes
690 1306 699 1314 .
732 1278 832 1316 Tum
847 1279 983 1316 Conon
1002 1301 1014 1323 ,
1045 1277 1144 1313 Mihi
1174 1291 1274 1325 vero,
1304 1282 1340 1315 in
1348 1283 1430 1331 quit
1444 1305 1459 1326 ,
1487 1295 1554 1317 non
1567 1281 1615 1328 est

448 1345 557 1380 grave
572 1334 727 1378 quemvis
742 1331 898 1368 bonorem
925 1330 1043 1367 babere
1059 1334 1127 1377 regi
1142 1345 1158 1374 ,-
1178 1331 1243 1381 fid
1256 1346 1370 1368 vereor
1396 1347 1438 1369 ne
1460 1337 1615 1371 civitati

450 1385 587 1430 meaest't
601 1385 774 1433 opprobrio
790 1409 802 1431 ‚
820 1386 862 1431 si
871 1409 884 1431 ,
899 1398 976 1420 cum
988 1398 1030 1420 ex
1057 1398 1097 1419 ea
1115 1385 1182 1430 sim
1205 1385 1383 1434 profefius
1399 1401 1473 1433 quae
1488 1390 1614 1424 ceteris

446 1437 611 1486 gentibus
627 1441 791 1486 imperare
806 1438 1019 1487 consueverit
1036 1462 1048 1483 ,
1071 1440 1196 1486 potius
1212 1437 1432 1475 barbarorum
1448 1454 1552 1487 quam
1566 1440 1618 1477 il-v

453 1490 526 1527 lius
541 1491 770 1539 morefimgar
787 1519 794 1527 .
824 1490 960 1542 Itaque
976 1505 1052 1543 quae
1070 1491 1225 1528 volebat
1239 1515 1251 1537 ,
1277 1493 1365 1529 huic
1381 1492 1517 1544 scripta
1532 1507 1614 1532 tra·-

451 1546 552 1583 didit
571 1572 579 1580 .

505 1596 577 1634 IV.
593 1598 745 1657 Quibus
762 1601 925 1650 cognitis
941 1612 1005 1636 rex
1022 1609 1173 1634 tantum
1190 1598 1417 1637 au&0ritate
1433 1601 1512 1650 ejus
1528 1615 1612 1638 mo-

450 1663 512 1688 tus
530 1650 580 1688 est
598 1676 610 1696 ‚
627 1665 668 1688 ut
688 1651 974 1702 Tiss'aphernem
992 1650 1133 1689 hostem
1153 1653 1327 1702 judicarit
1345 1677 1356 1698 ,
1383 1654 1416 1689 ὃ(
1435 1652 1610 1692 Lacedae-

448 1707 600 1742 monios
618 1704 720 1741 bello
738 1705 908 1756 persequi
922 1706 1067 1756 juss‘erit
1086 1729 1098 1750 ,
1129 1706 1162 1741 S<
1178 1708 1212 1742 ei
1230 1705 1465 1755 permiserit,
1495 1721 1607 1758 quem

450 1758 570 1795 vellet
586 1757 725 1808 eligere
740 1759 787 1795 arl
799 1758 1087 1809 dispensandam
1106 1763 1304 1807 pecuniam
1321 1787 1329 1795 .
1347 1758 1391 1796 Id
1407 1759 1609 1798 arbitrium

446 1810 586 1848 Conon
605 1814 759 1861 negavit
778 1811 831 1848 sui
856 1811 928 1849 effe
957 1812 1103 1849 consilii
1121 1837 1133 1857 ,
1164 1811 1222 1849 sed
1241 1813 1351 1862 ipsius
1369 1816 1433 1863 qui
1462 1817 1609 1863 optime

447 1863 533 1901 suos
549 1864 650 1901 noste
666 1865 816 1902 deberet
835 1881 842 1902 :
871 1864 932 1902 sed
951 1864 986 1902 se
1002 1865 1153 1903 suadere
1170 1890 1182 1910 ,
1213 1865 1456 1903 Pharnabazo
1486 1867 1523 1904 id
1541 1881 1609 1905 ne-

448 1920 546 1968 gotii
562 1918 666 1954 daret
685 1945 693 1952 .
725 1917 832 1956 Hinc
847 1922 997 1970 magnis
1014 1920 1231 1956 muneribus
1249 1920 1410 1957 donatus
1440 1921 1486 1956 ad
1502 1933 1606 1958 mare

447 1969 499 2007 est
515 1970 643 2008 missus
661 1995 673 2016 ,
705 1984 743 2008 ut
759 1971 916 2022 Cypriis
933 1973 967 2008 ὃ(
988 1972 1228 2009 Phoenicibus
1246 1996 1258 2017 ,
1287 1972 1494 2023 ceterisque
1509 1976 1608 2010 civi-

447 2023 590 2062 tatibus
606 2027 810 2065 maritimis
829 2024 945 2066 naves
961 2027 1095 2077 leugas
1115 2030 1317 2080 imperaret
1330 2050 1342 2073 ,
1361 2026 1603 2076 classemque,

1477 2093 1549 2130 qua
