1714 2719
537 167 584 202 30
690 153 1062 193 coRNELss
1117 154 1433 194 NEPoT1s

481 233 752 286 intelligebant
769 258 782 280 ,
809 236 847 272 ὃ(
863 236 961 272 illud
976 248 1126 286 tempus
1141 236 1435 287 exspeSiandum
1449 236 1638 277 ‘decreve-

478 300 569 325 runt
585 311 599 334 ,
628 302 703 339 quo
719 287 743 325 fi
760 289 892 326 exisset
910 313 923 335 ,
940 301 982 326 ut
997 289 1190 327 absentem
1208 292 1501 341 aggrederentur
1516 317 1525 325 .
1553 291 1636 329 Ita-

479 355 553 392 que
568 340 738 378 secerunt
751 369 758 377 .
779 356 866 379 nam
878 342 1074 393 postquam
1093 345 1131 379 in
1150 344 1321 380 Siciliam
1338 357 1424 380 eum
1440 345 1637 394 pervenis-

477 395 516 431 se
531 395 770 432 crediderunt
788 420 801 441 ‚
817 394 1013 432 absentem
1031 420 1044 441 ,
1061 397 1160 448 quod
1180 396 1280 433 sacra
1301 396 1483 434 violasset
1500 421 1513 442 ,
1531 411 1634 435 reum

475 446 648 485 fecerunt
665 476 673 484 .
696 450 783 509 Qa
800 449 846 486 de
862 463 900 486 re
915 463 999 486 cum
1017 452 1050 486 ci
1067 453 1224 486 nuntius
1239 463 1259 486 a
1277 449 1501 500 magistratu
1519 453 1557 487 in
1576 452 1638 488 Si-
1668 456 1671 470 ³

473 502 607 538 ciliam
623 501 758 539 missus
790 501 885 539 esset
905 525 919 548 5
947 514 989 539 ut
1007 503 1161 540 domum
1177 503 1225 540 ad
1255 502 1419 540 caussam
1435 504 1636 542 dicendam
1668 513 1670 518 '

473 555 616 605 rediret
633 579 646 601 ,
665 554 829 607 essetque
847 559 885 591 in
901 569 1038 606 magna
1056 555 1118 606 spe
1134 559 1338 607 provinciae
1359 556 1454 594 bene
1468 557 1638 594 admini-

473 607 631 645 strandae
648 632 661 654 ,
691 622 767 645 non
797 622 926 658 parere
957 609 1081 646 noluit
1099 634 1112 655 ,
1141 611 1177 646 ὅ(
1196 612 1235 646 ὶη
1265 612 1458 647 triremem
1483 624 1561 661 quae
1588 612 1635 648 ad
1669 607 1671 612 '

472 675 560 698 eum
577 661 854 712 deportandum
871 673 951 698 erat
966 662 1074 698 missa
1094 687 1106 708 ‚
1123 662 1291 700 ascendit
1311 687 1325 708 ,
1349 678 1394 700 ac
1413 662 1578 700 Thurios
1595 667 1635 701 in

474 712 634 751 Italiam
651 714 847 765 perve&us
865 738 878 760 ,
906 715 1029 752 multa
1048 714 1170 752 secum
1188 728 1368 765 reputans
1385 717 1430 753 de
1447 718 1637 754 immode-

473 779 555 804 rata
574 770 719 804 civium
737 767 888 804 suorum
918 768 1074 805 licentia
1094 793 1107 814 ,
1136 769 1436 819 crudelitateque
1462 783 1548 819 erga
1567 784 1636 807 no-
1670 770 1674 780 ’

472 820 572 858 biles
589 844 602 866 ,
631 820 874 858 utilissimum
891 833 994 859 ratus
1012 823 1297 872 impendentem
1323 826 1469 859 evitare
1488 834 1636 872 tempe·
1670 834 1674 866 ,’

472 873 610 912 statem
629 899 643 920 ,
662 875 763 912 clam
781 874 816 912 se
832 889 849 912 a
870 874 1084 912 custodibus
1102 875 1295 920 subduxit,
1313 875 1348 912 ὅ(
1364 877 1453 912 inde
1468 879 1633 925 primum
1670 915 1674 928 ⁸

469 926 627 965 Elidem
645 951 658 973 ,
675 929 812 965 deinde
830 928 980 966 Thebas
998 932 1103 966 venit
1117 957 1125 964 .
1157 929 1358 980 Postquam
1375 941 1502 966 autem
1521 928 1556 965 se
1572 944 1635 966 ca-

469 984 562 1031 pitis
579 982 801 1019 damnatum
821 982 930 1019 bonis
947 983 1153 1032 publicatis
1170 984 1320 1020 audivit
1337 1006 1350 1028 ,
1380 983 1415 1018 &
1438 1006 1449 1027 ,
1476 984 1513 1019 id
1531 984 1629 1032 quod

469 1033 537 1071 usu
555 1047 710 1072 venerat
727 1059 739 1080 ‚
769 1035 1022 1086 Eumolpidas
1040 1035 1248 1073 sacerdotes
1265 1050 1285 1072 a
1315 1035 1458 1085 populo
1483 1035 1632 1072 coa&os
1672 1078 1674 1084 Ι

469 1099 512 1124 ut
530 1086 565 1124 se
580 1089 813 1125 devoverent
831 1112 844 1134 ‚
861 1088 1013 1140 ejusque
1029 1091 1246 1126 devotionis
1263 1112 1276 1134 ,
1299 1102 1372 1138 quo
1388 1086 1560 1124 testatior
1577 1087 1633 1124 es-

468 1140 525 1178 set
541 1144 723 1178 memoria
742 1165 754 1187 ,
772 1142 993 1192 exemplum
1011 1167 1024 1188 ³
1048 1145 1085 1178 in
1103 1142 1182 1194 pila
1201 1142 1350 1192 lapidea
1370 1139 1528 1177 incisum
1547 1165 1560 1186 ,
1576 1141 1633 1178 es-

471 1194 508 1231 se
524 1194 685 1244 positum
702 1197 739 1231 in
758 1195 911 1245 publico
924 1219 936 1240 ‚
956 1194 1263 1233 Lacedaemonem
1278 1196 1508 1245 demigravit
1526 1222 1534 1229 .
1552 1193 1629 1241 Ibi,

472 1261 515 1284 ut
534 1247 611 1298 ipse
626 1250 827 1298 praedicare
844 1248 1088 1287 consueverat
1106 1273 1118 1294 ,
1146 1263 1219 1285 non
1239 1247 1417 1285 adversus
1435 1251 1597 1297 patriam
1615 1272 1629 1292 ,
1674 1246 1676 1250 '

470 1301 532 1338 sed
550 1305 727 1339 inimicos
744 1301 827 1339 suos
844 1302 987 1339 bellum
1005 1303 1108 1354 gessit
1127 1326 1139 1346 ‚
1169 1302 1269 1353 quod
1289 1302 1402 1338 iidem
1420 1299 1542 1338 hostes
1571 1300 1628 1338 es-

470 1354 552 1391 sent
586 1358 740 1392 civitati
758 1383 766 1391 .
797 1369 884 1392 nam
910 1370 994 1393 cum
1027 1356 1290 1407 intelligerent
1309 1379 1321 1400 ‚
1351 1353 1387 1392 se
1416 1354 1627 1404 plurimum

470 1408 638 1460 prodesse
667 1409 881 1459 reipublicae
898 1433 911 1454 ‚
940 1423 984 1446 ex
1003 1423 1043 1446 ea
1075 1408 1222 1460 ejecisse
1248 1432 1260 1454 ‚
1290 1407 1449 1458 plusque
1471 1411 1530 1444 irae
1561 1406 1630 1444 suae

468 1475 582 1512 quam
599 1463 766 1499 utilitati
783 1467 975 1499 communi
992 1461 1152 1513 paruisse
1164 1490 1172 1497 .
1191 1461 1326 1512 Itaque
1343 1462 1453 1511 hujus
1468 1460 1626 1498 confilio

471 1514 749 1552 Lacedaemonii
767 1530 850 1553 cum
868 1515 1061 1553 Persarum
1093 1530 1177 1567 rege
1191 1517 1405 1552 amicitiam
1429 1513 1601 1551 fecerunt
1620 1529 1627 1550 :

469 1569 607 1605 deinde
637 1568 838 1606 Deceliam
870 1571 907 1605 in
927 1569 1061 1607 Attica
1090 1572 1309 1606 munierunt
1339 1592 1352 1613 ‚
1389 1567 1631 1618 praesidioque

470 1634 654 1672 perpetuo
684 1623 735 1659 ibi
766 1623 885 1675 posito
907 1626 944 1660 in
974 1623 1165 1661 obsidione
1190 1622 1369 1660 Athenas
1399 1632 1601 1658 tenuerunt
1618 1648 1627 1656 .

471 1675 650 1726 Ejusdem
682 1690 791 1726 opera
822 1675 972 1714 Ioniam
1002 1691 1023 1714 a
1054 1676 1233 1715 societate
1262 1686 1479 1713 averterunt
1505 1673 1630 1711 Athe-

471 1729 654 1766 niensium
672 1758 680 1765 .
712 1744 786 1781 quo
803 1730 903 1769 fat-sto
921 1755 933 1776 ,
962 1731 1087 1768 multo
1104 1730 1311 1781 superiores
1341 1728 1444 1766 bello
1466 1727 1539 1765 esse
1555 1741 1630 1765 coe-

469 1794 605 1832 perurit
623 1811 630 1818 .

525 1835 573 1872 V.
604 1835 741 1888 Neque
759 1852 847 1875 vero
863 1838 920 1875 his
950 1838 1058 1876 rebus
1088 1850 1165 1876 tam
1183 1839 1297 1875 amici
1315 1835 1514 1874 Alcibiadi
1543 1833 1628 1872 sunt

472 1888 564 1926 faffi
586 1913 599 1935 ,
629 1904 741 1941 quam
763 1895 900 1928 timore
915 1893 962 1929 ab
979 1907 1022 1929 eo
1052 1893 1211 1930 alienati
1230 1920 1238 1928 .
1270 1890 1374 1928 Nam
1389 1904 1474 1928 cum
1490 1890 1629 1926 acerri-

471 1946 526 1979 mi
545 1946 617 1980 viri
647 1944 883 1995 praestantem
914 1947 1154 1996 prudentiam
1171 1950 1210 1983 in
1240 1944 1415 1983 omnibus
1445 1943 1552 1980 rebus
1568 1956 1632 1979 co-

473 1996 693 2048 gnoscerent
706 2023 718 2044 ,
736 2003 1011 2049 pertimuerunt
1029 2015 1074 2038 ne
1088 2013 1250 2038 caritate
1264 2001 1394 2050 patriae
1409 1996 1541 2034 duetus
1556 1995 1630 2032 ali-

472 2052 624 2099 quando
639 2052 686 2089 ab
704 2053 788 2103 ipsis
805 2053 1022 2092 descisceret
1040 2078 1052 2102 2
1066 2055 1101 2093 ὃ(
1117 2068 1200 2093 cum
1219 2054 1291 2092 suis
1310 2055 1346 2090 in
1364 2053 1529 2106 gratiam
1545 2049 1628 2085 red-

1477 2115 1546 2142 iret
1564 2129 1573 2138 .
