1714 2719
504 152 546 187 vi
615 147 830 187 EPIST.
877 148 973 187 AD
1018 149 1459 192 LECTOREM.

448 237 667 306 praecipue
681 248 897 285 veterum
934 232 1160 286 librorum
1176 241 1282 287 vim
1297 257 1324 299 5
1349 236 1620 291 incredibili

458 312 606 359 animi
640 307 808 359 ardore
829 347 846 369 .‚
880 324 1015 378 atque
1030 313 1216 376 ingenti
1231 308 1398 378 sttmtu
1415 309 1619 382 undique

456 381 707 444 collettam,
715 380 841 429 domi
844 378 942 447 fiiae
961 379 1202 447 aastrvat,
1222 380 1280 438 &-
1295 401 1395 432 cum
1411 385 1619 436 melioris

456 457 754 523 antiquitatis
772 451 1055 502 amatoribus
1080 451 1395 523 libentiſsime
1426 475 1620 507 commu·

454 531 581 578 nicat
598 565 608 576 .
647 536 934 594 Fragmenta
966 529 1016 578 N
1032 548 1054 575 E
1071 547 1094 575 1>
1114 546 1144 576 0
1165 551 1191 578 ‘r
1214 549 1229 577 1
1248 547 1272 580 s
1302 532 1354 576 in
1379 527 1620 599 plerisque

459 594 740 649 editionibus
758 601 880 646 mire
899 596 1159 665 depravata
1175 637 1189 660 .,
1225 599 1292 649 ad
1302 597 1528 650 librorum
1541 620 1622 652 un-

456 672 516 721 de
519 668 683 739 fitmta
686 670 891 739 fuerant
905 706 929 736 ,Ι
934 670 1077 734 fidem
1097 677 1340 738 exegimus
1362 714 1372 724 .
1414 673 1621 723 Indicem

456 743 654 811 denique
684 738 934 790 verborum
969 738 1027 798 ό·
1052 740 1287 810 pbrastum
1317 745 1618 814 instgniorum

461 816 746 883 adjecimus,
784 809 1090 884 brevibusque
1103 814 1492 883 explicationibus
1507 814 1623 884 fiab-

457 886 570 939 inde
606 885 990 954 locupletavimus
1025 925 1037 936 .
1090 894 1254 940 Cetera
1290 907 1383 958 quae
1419 894 1471 938 in
1500 888 1619 939 banc

460 959 711 1010 editionem
727 958 1000 1009 contulimus
1018 998 1034 1020 ,
1049 972 1150 1006 tute
1166 957 1266 1030 ipse
1279 999 1295 1022 a
1314 959 1525 1028 studiose
1543 970 1621 1010 Le.

457 1034 558 1083 ἑῗθν
572 1069 589 1093 ,
612 1031 767 1100 facile
783 1027 1101 1099 deprehendes
1119 1069 1129 1080 .
1167 1043 1304 1082 Fave
1325 1037 1521 1084 interim
1558 1052 1622 1082 eo-

457 1101 647 1156 natibus
674 1101 845 1170 nostris
861 1140 876 1165 ,
911 1101 968 1160 ὠ
980 1101 1248 1172 propediem
1279 1111 1338 1157 T.
1356 1109 1620 1156 Lucretium

458 1187 634 1227 Carum
648 1213 665 1237 .,
693 1173 853 1224 eadem
869 1174 1099 1242 industria
1145 1178 1390 1247 :nx-politum
1406 1216 1422 1243 ,
1449 1198 1475 1228 a
1491 1175 1623 1229 nobis

460 1248 707 1318 exspecta.
744 1248 855 1301 Vale
874 1288 884 1298 .

1412 2053 1459 2105 A
1476 2050 1551 2104 U-
