1714 2719
324 161 782 203 DATAMEs.
867 162 1008 202 xlv.
1151 176 1195 213 5⁷

86 248 124 289 se
136 246 236 300 juffit
253 272 263 282 .
294 242 424 283 Postea
441 257 532 282 vero
548 256 662 294 quam
680 241 968 281 Pharnabazum
995 257 1059 281 rcx
1092 258 1253 283 revoca-

89 307 173 346 vit,
204 299 267 338 illi
281 297 423 338 summa
442 299 592 348 imperii
611 297 751 333 tradita
769 295 821 334 est
840 323 848 332 .

140 354 211 392 IV.
242 349 321 390 Hic
335 365 419 389 cum
434 352 606 388 maximo
621 348 744 386 studio
761 362 997 400 compararet
1015 353 1246 397 exercitum,

90 408 387 461 AEgyptumquc
401 403 586 455 proficisci
602 415 752 453 pararet
769 427 782 449 ,
810 401 937 442 subito
962 417 981 440 a
1015 418 1098 455 rege
1127 404 1248 442 literae

89 463 171 501 sunt
188 464 222 498 ei
237 457 349 497 miffae
365 481 378 504 ,
407 470 447 495 ut
464 456 603 508 Aspim
620 456 886 508 aggrederetur
898 481 911 504 ,
929 459 994 508 qui
1012 456 1246 496 Cataoniam

88 514 239 554 tenebat
256 539 265 548 .
296 526 372 563 qux
387 525 479 564 gens
493 512 591 562 jacet
608 509 715 561 supra
732 509 916 548 Ciliciam
930 534 943 556 ,
960 509 1121 548 confinis
1137 510 1244 562 Cap-

87 569 248 622 padociae
264 593 273 601 .
304 563 484 616 Namque
501 563 617 616 Aspis
634 562 840 601 saltuosam
858 567 1050 616 regionem
1065 587 1078 610 ,
1107 563 1244 602 castel-

84 621 205 674 lisque
220 621 409 656 munitam
428 618 598 655 incolens
611 641 624 663 ‚
641 631 717 655 non
735 615 855 655 solum
875 621 1036 669 imperio
1053 621 1148 669 regis
1167 632 1246 656 non

83 675 238 727 parebat
256 696 269 717 ‚
299 671 359 710 sed
377 674 493 710 etiam
512 671 697 708 finitimas
715 674 886 722 regiones
906 671 1068 709 vexabat
1081 695 1094 718 ,
1111 672 1146 708 ὃ(
1163 684 1245 723 quae

84 733 160 781 regi
180 739 282 778 porta
292 739 419 763 rentur
435 750 448 771 ,
463 725 698 776 abripiebat.
729 723 920 764 Datames
951 724 1013 762 etsi
1033 725 1146 776 longe
1175 725 1246 763 ab·

83 796 163 820 crat
181 781 227 818 ab
245 780 301 817 his
333 779 550 831 regionibus
567 803 580 824 ,
610 779 645 815 ὅ(
675 792 693 815 a
712 780 855 830 majore
872 778 1210 817 reabstrahebatur
1225 802 1244 825 3

84 849 210 874 tamen
229 835 325 885 regis
343 833 538 870 voluntati
554 846 696 870 morem
713 833 918 883 gerendum
953 834 1106 884 putavit
1123 859 1131 868 .
1162 831 1246 870 Ita-

84 904 156 940 quc
174 901 257 926 cum
290 889 417 936 paucis
434 910 447 932 ,
477 885 537 923 sed
559 888 650 923 viris
680 885 843 924 fortibus
866 911 879 932 ‚
906 900 1044 924 navem
1061 884 1244 925 conscen-

82 944 139 980 dit
157 965 170 988 ,
199 939 419 978 existimans
437 963 450 985 ‚
480 939 518 975 id
535 939 635 989 quod
653 940 793 976 accidit
810 963 823 985 ‚
853 939 1008 978 facilius
1027 939 1061 976 sc
1097 942 1245 990 impru-

80 996 233 1033 dentem
251 996 285 1029 ὃ(
303 997 531 1043 imparatum
550 1005 663 1042 parva
683 1006 797 1029 manu
815 993 1073 1042 oppressurum
1093 1016 1105 1037 ,
1124 1007 1238 1043 quam

81 1061 256 1099 paratum
274 1071 286 1094 ,
315 1049 490 1097 quamvis
516 1059 654 1096 magno
684 1049 853 1083 exercitu
872 1073 880 1081 .
913 1045 1001 1084 Hac
1017 1046 1167 1083 delatus
1199 1050 1240 1085 in

79 1101 264 1140 Ciliciam
288 1124 301 1144 ,
330 1098 489 1151 egress‘us
506 1099 594 1136 inde
613 1123 626 1145 ,
652 1100 731 1136 dies
747 1098 949 1151 noerosque
975 1103 1046 1136 iter
1063 1098 1207 1137 faciens
1225 1123 1241 1147 ,

87 1153 253 1192 Taurum
271 1153 418 1192 transsit
436 1178 448 1199 ,
477 1166 596 1203 eoque
613 1167 686 1203 quo
712 1152 901 1190 studuerat
920 1178 933 1200 ‚
963 1157 1069 1191 venit
1088 1181 1096 1188 .
1127 1155 1241 1214 Qae-

81 1210 131 1246 rit
148 1232 162 1257 ‚
190 1208 326 1259 quibus
343 1207 438 1244 locis
455 1205 497 1244 sit
514 1205 631 1256 Aspis
648 1233 655 1241 .
689 1207 882 1257 cognoscit
900 1231 912 1253 ,
929 1208 1027 1244 haud
1044 1207 1156 1259 longe
1173 1207 1241 1244 ab·

78 1260 152 1299 effe
166 1284 180 1307 ‚
197 1259 482 1313 profes-stumque
498 1273 582 1296 eum
601 1272 782 1296 venatum
801 1288 810 1295 .
831 1275 942 1311 quem
960 1262 1051 1298 dum
1069 1259 1241 1311 specula-

76 1326 140 1352 tur
156 1338 169 1360 ,
196 1315 384 1352 adventus
401 1315 479 1364 ejus
495 1311 617 1350 caussa
635 1313 874 1364 cognoscitur
890 1342 898 1349 .
932 1314 1072 1352 Pisidas
1089 1329 1172 1352 cum
1191 1317 1238 1352 iis

78 1381 173 1419 quos
190 1366 312 1406 secum
330 1367 491 1404 habebat
508 1390 521 1412 ,
550 1367 598 1403 ad
616 1367 856 1404 resistendum
875 1367 992 1418 Aspis
1012 1381 1206 1418 comparat
1225 1397 1238 1406 .

77 1419 122 1458 ld
139 1419 326 1459 Datames
343 1420 407 1458 ubi
436 1421 588 1458 audivit
605 1444 618 1466 ‚
647 1435 750 1458 arma
769 1425 871 1471 capit
890 1445 902 1466 ,
933 1422 1016 1459 suos
1047 1422 1150 1473 sequi
1178 1426 1240 1475 ju·-

77 1474 140 1513 bet
158 1502 166 1510 .
197 1475 275 1525 ipse
303 1489 400 1526 equo
429 1477 623 1512 concitato
652 1475 699 1511 ad
730 1474 873 1512 hostem
901 1477 1053 1513 vehitur
1069 1504 1076 1511 .
1109 1478 1236 1525 Quem

75 1529 207 1580 procul
225 1527 342 1579 Aspis
371 1527 606 1578 conspiciens
635 1529 682 1564 ad
700 1528 735 1565 se
751 1527 936 1566 ferentem
971 1533 1202 1580 pertimescit
1220 1554 1236 1577 ,

74 1595 190 1634 atque
205 1596 225 1620 a
242 1594 382 1620 conatu
412 1581 599 1619 resistendi
625 1583 831 1620 deterritus
862 1583 936 1620 sese
953 1585 1058 1621 dedit
1077 1612 1084 1619 .
1116 1582 1235 1622 Hunc

74 1634 265 1674 Datames
282 1636 453 1674 vincium
470 1638 516 1673 ad
546 1650 670 1688 regem
688 1638 901 1674 ducendum
920 1638 1037 1674 tradit
1067 1638 1233 1677 Mithri-

73 1690 156 1727 dati
172 1717 182 1726 .

126 1741 176 1780 V.
206 1740 300 1782 Haec
315 1744 405 1781 dum
421 1755 602 1795 genantur
617 1767 630 1790 ,
647 1743 885 1782 Artaxerxes
902 1769 915 1791 ,
945 1745 1188 1785 reminiscens
1209 1761 1232 1785 a

73 1808 218 1848 quanto
248 1798 350 1836 bello
367 1799 414 1836 ad
431 1812 545 1849 quam
576 1811 732 1848 parvam
754 1813 832 1835 rem
864 1802 1076 1850 principem
1093 1801 1233 1839 ducum

72 1849 226 1889 misisset
243 1875 257 1896 ‚
274 1851 403 1903 seipse
419 1851 659 1902 reprehendit
675 1877 689 1897 ,
706 1854 937 1890 &nuntium
954 1855 1000 1890 ad
1019 1858 1229 1892 exercitum

70 1902 180 1942 Acen
199 1905 299 1942 misit
317 1929 330 1951 ,
360 1907 460 1957 quod
477 1905 646 1943 nondum
663 1905 859 1944 Datamen
891 1905 1100 1957 profestum
1119 1922 1233 1958 puta-

73 1956 137 1994 bat
154 1981 167 2002 ‚
185 1961 249 2009 qui
265 1959 424 2005 diceret,
440 1974 487 1996 ne
503 1959 550 1996 ab
566 1963 735 1997 exercitu
750 1959 957 1998 discederet
974 1988 983 1996 .
1015 1960 1094 1999 Hic
1111 1961 1232 2011 prius-

71 2021 185 2061 quam
201 2015 415 2061 perveniret
433 2027 508 2064 quo
524 2024 603 2050 erat
619 2012 810 2064 profeQus
828 2038 841 2059 ,
872 2018 909 2051 in
937 2017 1075 2052 itinere
1090 2030 1158 2052 con
1167 2029 1230 2053 ve·-

69 2065 131 2104 nit
146 2068 211 2117 qui
228 2064 368 2118 Aspim
385 2067 573 2106 ducebant
592 2094 600 2103 .
631 2069 718 2130 Qa
734 2068 930 2110 celeritate
947 2083 1032 2110 cum
1048 2081 1229 2119 magnam

1068 2123 1176 2161 beni-
