1714 2719
287 205 865 248 EPAMINONDAS.
925 206 1031 246 xv.
1140 211 1188 256 67

73 307 224 346 pugna.
257 290 356 328 Tum
374 292 475 327 enim
508 288 666 340 perfecit
692 313 705 334 ‚
731 290 829 352 quod
849 288 927 340 post
958 294 1165 342 apparuit,
1197 304 1238 328 ut

72 348 221 386 auxilio
239 343 423 382 sociorum
442 343 1006 392 Lacedxmoniip1iva1-.entur

127 398 216 437 Vll.
246 397 369 435 Fuisse
385 409 513 435 autem
546 400 757 459 patientem
777 421 789 441 ,
819 396 1045 448 suorumque
1076 399 1199 449 injuri
1195 413 1236 435 ,ιε

73 454 255 493 ferentem
273 454 417 490 civium
435 475 448 497 ,
466 452 564 502 quod
584 449 619 487 sc
636 453 760 500 parii
741 464 764 486 at
784 450 891 488 irasci
909 450 1016 488 nes-as
1033 451 1105 488 csse
1122 452 1235 489 ducc-

73 521 154 553 ret,
185 507 256 544 haec
274 505 358 542 sunt
377 504 620 542 testimonia.
650 503 721 540 Cu·
715 519 749 540 ·n
768 519 852 541 eum
871 517 1026 555 propter
1045 506 1235 542 invidiam

73 565 176 600 cives
192 561 376 597 exercitui
409 557 593 609 praeficeic
625 558 831 595 noluissent
849 583 863 604 ‚
891 558 1044 609 duxque
1061 558 1151 596 esset
1170 561 1237 596 dc-

71 614 189 652 leClus
207 613 300 650 belli
319 615 519 663 imperitus
536 636 548 657 ,
565 613 670 661 cujus
687 626 810 649 errore
827 626 870 649 eo
888 611 977 649 esset
996 612 1154 650 dedufi’ca
1176 627 1234 649 res

70 668 138 705 illa
158 666 330 704 militum
349 690 361 711 ‚
381 678 420 703 ut
437 680 568 703 omnes
584 666 629 702 de
647 663 768 702 salute
785 665 1112 716 pertimescerent,
1131 666 1235 717 qnod

69 722 240 759 locorum
257 718 441 771 angustiis
462 719 573 756 clausi
592 718 639 755 ab
656 719 823 756 hostibus
840 718 1106 756 obsidebantur
1125 733 1137 764 3
1168 720 1236 757 dc-

69 775 220 812 siderari
237 786 356 824 coepta
375 772 425 810 est
457 773 732 823 Epaminondae
757 773 962 824 diligentia
980 800 988 809 .
1021 785 1099 810 erat
1129 777 1234 810 enim

71 829 124 866 ibi
142 830 316 878 privatus
347 841 504 863 numero
534 827 674 863 militis
691 854 699 861 .
731 824 768 863 A
787 840 862 878 quo
890 841 975 864 cuni
1002 839 1176 876 peterent
1193 843 1238 864 o-

68 895 188 932 pem,
218 881 364 918 nullam
382 880 557 917 adhibuit
574 883 799 916 memoriam
818 880 1059 918 contumeliae
1077 904 1090 925 ‚
1116 882 1150 917 ὅ(
1168 894 1237 917 ex-

67 938 229 972 ercitum
260 933 453 970 obsidione
482 933 687 970 liberatum
718 956 731 978 ,
760 934 915 970 domum
943 934 1094 971 reduxit
1126 936 1235 971 inco-

68 989 210 1025 lumem
229 1015 237 1023 .
269 986 407 1038 Neque
424 1000 514 1024 vero
531 986 601 1024 hoc
616 985 729 1023 semel
748 985 840 1023 fecit
853 1010 866 1031 ,
896 985 956 1022 sed
974 985 1104 1036 saepius
1122 1001 1130 1023 :
1149 1000 1234 1023 ma-

68 1046 174 1080 xime
188 1053 316 1078 autem
333 1039 408 1077 fuit
425 1038 571 1076 illustre
587 1063 600 1085 ,
629 1053 714 1077 cum
733 1042 771 1075 in
803 1038 1108 1089 Peloponnesum
1124 1053 1234 1077 exer-

68 1098 187 1134 citum
216 1093 381 1131 duxisset
408 1092 588 1131 adversus
620 1091 928 1131 Lacedaemonios
959 1117 972 1138 ‚
1002 1092 1237 1144 haberetque

69 1149 238 1200 collegas
256 1148 349 1184 duos
366 1170 379 1192 ,
409 1161 569 1196 quorun]
585 1146 685 1183 alter
701 1158 780 1184 erat
811 1146 1015 1197 Pelopidas
1032 1170 1045 1192 5
1075 1149 1136 1184 vir
1152 1145 1234 1184 sor-

68 1205 120 1239 tis
136 1216 179 1239 ac
173 1183 388 1238 e’sti-enuus.
420 1198 501 1237 Hic
516 1214 599 1237 cum
617 1199 842 1237 criminibus
867 1199 1172 1238 adversaniorum
1189 1216 1232 1238 0-

68 1268 175 1292 mnes
198 1257 234 1290 in
253 1254 443 1291 invidiam
461 1252 672 1299 venissent,
690 1254 738 1291 ob
753 1267 912 1305 eamque
927 1268 1005 1291 rem
1024 1256 1232 1304 imperium

67 1307 128 1345 his
144 1306 234 1344 esset
249 1307 472 1358 abrogatum
486 1331 498 1351 ‚
528 1318 644 1357 atque
660 1309 699 1343 in
717 1321 845 1344 eorum
863 1308 990 1344 locum
1006 1307 1076 1343 alii
1094 1320 1233 1358 praeto-

67 1374 124 1398 res
142 1359 386 1398 successissent
406 1373 418 1406 3
449 1359 739 1410 Epaminondas
756 1360 960 1411 plebiscito
976 1375 1051 1398 non
1069 1364 1197 1411 paruit
1215 1386 1232 1408 ‚

67 1415 244 1465 idemque
260 1427 300 1451 ut
319 1413 506 1460 facerent,
523 1413 700 1464 persuasae
717 1415 893 1465 collegis,
910 1416 946 1451 ὅ(
963 1414 1109 1452 bellum
1127 1417 1235 1466 quod.

67 1467 275 1519 susceperat
294 1492 306 1514 ,
323 1467 453 1519 gessit.
472 1481 636 1519 namque
650 1468 985 1506 animadvertebat
1003 1492 1016 1514 ‚
1032 1468 1097 1505 ubi
1115 1470 1152 1505 id
1172 1468 1230 1507 fe-

66 1520 172 1559 ciflet
192 1546 203 1568 ,
233 1534 358 1558 totum
375 1525 583 1559 exercitum
603 1534 757 1573 propter
786 1535 986 1573 praetorum
1004 1522 1229 1572 impruden-

66 1578 162 1613 tiam
177 1599 191 1621 ,
220 1574 489 1627 inscitiamque
506 1575 625 1621 belli,
655 1579 893 1639 perUiturum.
925 1575 1007 1614 Lex
1024 1588 1104 1613 erat
1123 1574 1228 1614 The-

67 1629 125 1667 bis
141 1643 217 1682 quae
233 1642 357 1667 morte
371 1629 564 1667 multabat
579 1653 592 1676 ‚
623 1629 646 1667 si
664 1633 749 1681 quis
776 1632 978 1681 imperium
995 1630 1139 1668 diutius
1169 1644 1228 1667 re-

66 1681 237 1721 tinuisset
255 1697 368 1734 quam
387 1683 470 1735 lege
499 1683 730 1734 praefinitum
761 1682 885 1722 foret.
918 1682 1034 1722 Hanc
1064 1683 1226 1734 Epami-

65 1737 211 1774 nondas
229 1751 313 1775 cum
329 1737 544 1788 reipublicae
559 1736 821 1775 conservandae
837 1737 960 1776 caussa
977 1738 1098 1775 latam
1117 1739 1226 1775 vide-

65 1802 122 1827 ret
139 1814 152 1836 ,
168 1791 214 1827 ad
230 1794 439 1841 perniciem
456 1794 629 1828 civitatis
644 1791 816 1829 conferre
832 1792 959 1829 noluit
977 1816 989 1838 ,
1007 1792 1041 1828 &
1059 1804 1226 1843 quatuor

64 1843 253 1881 mensibus
268 1845 413 1882 diutius
429 1859 543 1896 quam
574 1846 737 1896 populus
750 1845 905 1897 jusserat
923 1870 936 1893 ‚
965 1845 1071 1898 geffit
1101 1849 1225 1897 impe-

66 1900 192 1934 rium.

119 1949 231 1987 VIII.
261 1950 463 2004 Postquam
480 1953 634 1993 domum
664 1953 828 1991 reditum
858 1952 910 1991 est
927 1977 940 2000 ‚
969 1953 1123 2005 collegae
1141 1954 1222 2005 ejus

65 2004 136 2042 hoc
151 2007 311 2043 crimine
338 2006 636 2044 accusabantur.
668 2008 805 2058 quibus
823 2008 893 2045 ille
922 2007 1091 2058 permisit
1121 2019 1162 2044 ut
1179 2022 1223 2046 0-

66 2070 193 2096 mnem
209 2059 399 2098 caussam'
390 2075 427 2097 in
447 2059 482 2098 se
498 2059 748 2099 transferrent
761 2085 774 2106 ‚
791 2060 930 2113 suaque
946 2074 1056 2112 opera
1074 2059 1221 2098 saQum

64 2113 336 2151 contenderent
354 2138 368 2160 ,
384 2127 425 2152 ut
442 2115 519 2166 legi
542 2129 618 2153 non
635 2115 859 2154 obedirent.
888 2118 977 2176 Qa
1006 2113 1225 2154 defensione

696 2167 732 2209 Ε
790 2186 810 2210 2
1080 2169 1166 2208 illis
