1714 2719
322 149 936 192 TESTIMONIA.
1075 159 1169 194 xxxi

57 237 158 275 (lium
171 233 355 283 Crispum,
372 245 446 283 qna
463 231 628 268 affirmat
645 229 681 268 se
698 229 884 268 Darctem
902 245 922 268 c
937 229 1069 269 Gmca
1091 235 1126 269 in
1147 233 1224 271 Lu-

45 278 180 328 'tinnm
199 289 369 338 linguam
387 284 557 323 Athenis
589 283 822 322 transtulisse
838 308 852 330 3
881 289 1076 322 communi
1093 298 1223 326 tamen

54 344 291 380 eruditorum
310 339 486 390 suffragio
503 351 581 376 tam
599 339 769 389 eleganti
786 351 829 375 ac
845 338 945 375 terso
965 338 1146 390 scriptore
1165 344 1224 378 in-

53 398 167 448 digna
185 394 337 432 aestimat
347 407 388 430 ur
405 420 413 428 .
431 391 495 430 De
512 391 659 429 Darete
678 391 758 442 ipso
773 405 816 429 ac
829 390 974 440 Dieiye
991 394 1079 430 vide
1096 393 1119 431 si
1138 396 1223 444 pla—

56 462 113 487 cet
126 462 202 500 quae
219 447 355 497 scripta
374 461 392 484 a
411 460 472 482 mc
490 445 574 483 sunt
594 445 693 482 libro
711 449 834 495 primo
851 444 1097 484 Bibliothecae
1113 446 1225 485 (ἑκε-

55 506 130 553 cx(
150 501 223 551 b).
243 500 516 551 Antiquissima
536 500 656 536 editio
673 499 806 535 horum
825 500 1058 549 Scriptorum
1080 500 1221 539 Latina

53 559 67 606 (
85 555 215 593 Graeca
233 557 334 593 enim
353 554 501 604 pridem
520 555 662 603 periere
679 553 694 601 )
711 551 761 590 est
780 552 1085 591 Mediolanensis
1103 554 1222 594 Anno

57 621 166 654 1477.
189 607 282 646 Inde
298 607 629 645 commemoranda
652 609 758 643 venit
772 605 920 644 Veneta
939 605 1130 645 Francisci
1150 609 1221 646 Fa-

50 665 197 714 ragonii
215 661 334 699 Anno
355 674 463 710 1499.
484 661 660 698 Prodit-re
676 663 792 697 etiam
810 675 896 698 cum
924 660 1045 699 tribus
1063 661 1220 701 Libanii

51 716 394 754 declamationibus
411 714 622 753 consimilis
640 718 857 766 argumenti
879 739 892 761 ‚
923 713 1101 766 Lugdun.
1119 719 1217 768 apud

49 767 272 820 Gryphium
308 780 416 813 1552.
440 780 495 804 12.
515 767 698 806 Praetereo
731 769 942 806 editionem
968 768 1128 808 Daretis
1148 771 1223 808 Di-

52 822 224 874 &yisque
241 821 484 859 Parificnscm
501 819 552 858 A.
571 822 718 866 1560.8.
735 823 769 858 ὃ(
789 820 1083 873 Lugdunensem
1101 824 1220 862 Anno

57 879 165 924 1569.
187 877 220 912 8.
239 889 308 913 nec
336 879 464 912 minus
483 875 690 912 versionem
721 875 901 911 Gallicam
930 877 1088 925 Joannis
1119 880 1219 916 dela

53 928 187 966 Lande
203 927 319 965 Paris.
343 931 450 972 1556.
471 929 506 965 8.
523 929 560 964 ὃ(
593 927 764 963 Italicam
783 927 880 965 Tho.
909 929 1137 969 Porcacchio
1153 946 1221 969 au-

51 981 152 1019 e'lore
169 980 343 1018 excusam
363 980 502 1019 Venet.
526 991 633 1027 1543.
659 982 692 1017 8.
712 979 837 1018 Dares
853 984 899 1018 de
916 981 1026 1019 Bello
1048 983 1218 1035 Trojano

48 1032 208 1072 Gallice
223 1047 268 1071 ex
287 1033 453 1071 versione
468 1033 603 1070 Caroli
620 1034 666 1070 de
683 1033 957 1085 Bourgueville
982 1038 1125 1087 prodiit
1143 1039 1221 1075 (Ja-

49 1089 154 1126 domi
172 1116 181 1124 .
216 1098 324 1134 1573.
362 1087 509 1124 Prodiit
526 1090 644 1124 etiam
663 1085 788 1125 Dares
805 1103 890 1126 cum
908 1086 1083 1128 Homero
1099 1093 1222 1142 Spon-

51 1142 142 1178 dani
171 1141 346 1192 adjuneh
378 1139 512 1189 Pseudo
546 1139 701 1178 Pindari
733 1145 774 1190 (i
790 1142 804 1192 )
826 1142 1002 1181 Thebani
1033 1144 1218 1197 Epitoma

49 1193 195 1233 Iliados
213 1218 225 1240 ,
242 1194 368 1232 latino
382 1197 552 1232 carmine
567 1195 790 1234 hexametro
821 1196 958 1247 scripta
975 1197 1086 1235 Bafil.
1108 1213 1121 1235 1
1133 1202 1216 1247 583.

1092 1252 1163 1289 fol.

103 1354 183 1393 inde
196 1371 220 1392 a
240 1356 280 1405 se
293 1354 424 1405 versum
451 1354 567 1392 latine
583 1383 592 1392 .
621 1361 785 1393 Ceterum
801 1362 839 1392 S.
847 1356 1022 1405 Ambrosio
1053 1360 1221 1406 ‘equalem

103 1409 347 1459 velsiaepparem
358 1409 420 1457 ff
432 1409 525 1446 hunc
529 1410 735 1459 scriptorem
739 1411 817 1456 siz-e
832 1413 1056 1461 interpretem
1072 1436 1084 1458 ,
1102 1416 1222 1462 verist-

102 1463 200 1499 mu'lis
215 1463 261 1510 est
277 1463 381 1509 Voffii
392 1463 593 1510 conjeHura
608 1467 673 1502 IV.
697 1476 754 1509 50.
771 1464 814 1500 de
829 1465 1044 1502 Idololatria
1055 1491 1068 1512 ,
1098 1481 1224 1514 quam-

106 1530 210 1564 quam
224 1519 406 1566 Scioppius
421 1518 465 1559 ἶς’
479 1516 550 1554 alii
563 1517 658 1566 longe
671 1521 910 1566 antiquiorem
923 1521 986 1568 effe
996 1525 1220 1569 peccaverint.

109 1575 163 1607 At
177 1573 269 1606 enim
283 1569 343 1607 vel
349 1580 484 1619 propter
490 1571 578 1619 styli
592 1585 708 1609 naevos
711 1572 908 1623 sequiorem
923 1574 1067 1610 redolere
1083 1586 1224 1613 ‘etatem

105 1623 383 1672 demonstrarunt
409 1628 483 1661 viri
499 1625 685 1672 doo‘liffi'mi
702 1627 769 1675 Jo.
787 1632 818 1662 F
822 1626 889 1663 rid.
919 1632 1121 1665 Gronovius
1143 1640 1220 1680 cap.

106 1680 231 1715 XXV.
248 1678 428 1727 Observat-
444 1679 680 1727 Ecclesiast.&
696 1681 787 1729 Jac.
807 1684 1019 1729 Perizonius
1035 1685 1074 1718 in
1087 1681 1222 1733 dissert.

106 1734 147 1767 de
166 1731 296 1778 Dielye
309 1745 340 1768 c.
357 1736 592 1771 XXXVIII.

55 1786 70 1834 (
89 1785 112 1822 h
129 1786 145 1834 )
162 1785 295 1835 Pseudo
305 1789 455 1822 Daretis
469 1786 556 1824 duos
569 1787 714 1825 Codices
730 1794 956 1826 Mssamum
969 1793 1228 1828 Canonicormn

106 1840 394 1886 Lateranensium
405 1841 730 1888 Patavii,alterum
740 1849 776 1880 A
780 1843 873 1890 loysii
889 1843 1080 1880 corradini
1097 1844 1228 1883 laudat

111 1891 343 1942 J0.Rbodius
358 1896 398 1929 in
412 1898 510 1930 notis
525 1895 574 1932 ad
588 1895 807 1933 Scribonium
824 1903 978 1945 Largum
988 1908 1024 1947 p.
1043 1901 1104 1936 60.

51 1947 68 1996 (
86 1948 97 1982 i
115 1948 130 1994 )
159 1947 351 1995 Allegatur
364 1963 388 1983 a
406 1952 564 1984 Lutatio
577 1948 627 1985 ad
640 1954 761 1987 Statii
777 1950 1059 1990 VI.Thebaid.v.
1081 1952 1229 1991 120.ubi

107 1999 189 2036 vide
194 2002 234 2047 fi
235 2003 352 2047 juvat
363 2025 376 2048 ,
393 2002 702 2051 Lindenbrogiznn,
714 2007 864 2052 itemque
880 2005 1070 2043 Bartbium
1084 2010 1147 2054 qui
1161 2020 1231 2043 ccu-

106 2053 231 2090 lt'orem
246 2055 422 2102 vetustum
435 2055 582 2103 bonique
610 2060 742 2104 ingenii
769 2059 923 2108 appellat
940 2063 1085 2101 LVIII.
1107 2074 1168 2104 14.
1185 2062 1231 2103 ὼ·

105 2111 215 2145 LIX.
235 2123 266 2151 ι.
279 2109 324 2152 ⁴&
343 2121 401 2157 15.
421 2109 614 2161 Adversar.
630 2109 691 2149 uba·
705 2114 878 2162 integrum
892 2113 1041 2165 recenset
1058 2139 1072 2164 ‚
1087 2129 1149 2153 nec
1162 2113 1232 2152 du-
