1714 2719
498 157 546 189 62
655 152 1027 190 CORNELII
1082 153 1396 193 NEPOTIS

443 232 489 270 Id
505 247 589 270 cum
608 232 697 270 satis
729 231 765 270 se
794 232 1030 271 confirmasse
1054 234 1259 272 arbitratus
1289 234 1339 272 est
1357 259 1370 280 ,
1400 238 1600 276 certiorem

442 285 537 324 facit
555 285 752 323 Datamen
771 309 784 332 ‚
812 298 961 336 tempus
997 286 1070 325 effe
1100 290 1261 338 majores
1278 291 1466 326 exercitus
1494 303 1605 340 para-

442 343 506 386 ri,
534 342 569 376 ὅ(
586 340 732 377 bellum
749 354 832 377 cum
851 354 935 391 rege
961 339 1097 390 suscipi
1115 368 1125 376 .
1155 342 1202 377 de
1218 354 1289 392 qua
1307 355 1346 378 re
1363 365 1375 386 ,
1404 341 1429 378 si
1446 344 1479 379 ei
1499 345 1605 381 vide-

443 406 572 439 retur,
603 407 678 444 quo
696 394 815 431 vellet
847 396 884 429 in
903 393 1139 444 colloquium
1160 396 1306 431 veniret
1324 422 1332 430 .
1365 394 1525 432 Probata
1545 411 1601 442 re,

441 447 690 497 colloquendi
707 459 856 496 tempus
874 445 1033 483 sumitur
1051 471 1063 493 ,
1093 446 1272 498 locusque
1287 461 1363 498 quo
1378 452 1604 486 convenire-

439 512 503 537 tur
520 527 528 534 .
561 499 652 537 Huc
674 500 929 537 Mithridates
945 513 1029 538 cum
1046 515 1122 538 uno
1138 504 1198 539 cui
1214 504 1422 538 maximam
1439 501 1603 539 habebat

441 553 556 591 fidem
574 577 587 599 ,
616 566 706 590 ante
721 555 872 603 aliquot
889 554 969 590 dies
987 558 1095 591 veuit
1115 579 1129 600 ,
1158 553 1491 605 compluribusque
1507 555 1603 592 locis

439 606 646 657 separatim
663 607 812 658 gladios
829 606 956 644 obruit
974 631 986 651 ,
1004 621 1121 658 eaque
1137 608 1220 644 loca
1238 607 1447 658 diligenter
1464 620 1573 645 notat
1592 636 1601 644 .

436 659 524 709 Ipso
539 673 666 697 autem
697 660 944 709 colloquendi
962 661 1024 696 die
1041 684 1054 705 ,
1084 664 1236 710 utrique
1253 684 1266 706 ‚
1296 661 1421 698 locum
1439 664 1504 711 qui
1536 675 1606 698 ex-
1660 668 1663 714 ]

442 714 639 763 plorarent
657 737 669 758 ,
686 724 802 763 atque
820 711 919 763 ipsos
936 711 1192 749 scrutarentur
1209 737 1222 759 ,
1249 717 1414 750 mittunt
1433 741 1440 748 .
1474 713 1603 751 Dein—

438 768 485 803 de
504 766 567 816 ipsr
585 765 670 803 sunt
701 766 880 815 congreffi
897 792 906 801 .
937 764 1018 803 Hic
1037 781 1122 804 cum
1153 766 1394 817 aliquamdiu
1426 770 1464 803 in
1481 767 1604 804 collo-

439 823 530 868 quio
559 817 716 856 fuissent
733 843 747 864 ,
775 820 810 855 &
827 819 963 856 diversi
984 818 1226 857 disceffissent
1244 843 1256 865 ‚
1284 820 1437 871 jamque
1466 820 1600 870 procul

438 872 628 910 Datames
645 871 786 910 abesset
806 886 817 917 3
845 872 1098 910 Mithridates
1114 872 1332 923 priusquam
1347 874 1394 910 ad
1414 872 1497 910 suos
1519 887 1604 924 per—

438 930 588 964 veniret
605 951 617 972 ,
648 940 696 963 ne
721 939 833 976 quam
865 925 1115 976 suspicionem
1146 923 1293 976 pareret
1312 950 1325 972 ,
1354 929 1394 963 in
1424 928 1599 964 eumdem

435 981 564 1018 locum
581 982 786 1017 revertitur
803 1004 816 1025 ,
845 992 959 1029 atque
976 979 1028 1015 ibi
1065 980 1129 1016 ubi
1160 979 1279 1017 telum
1315 991 1395 1016 erat
1413 980 1599 1030 positum,

434 1033 572 1070 resedit
591 1057 603 1079 ,
632 1045 673 1070 ut
691 1033 714 1069 si
731 1047 750 1069 a
769 1032 985 1069 lassitudine
1009 1045 1160 1082 cuperet
1176 1032 1436 1083 acquiescere:
1469 1031 1601 1070 Data-

432 1101 596 1138 merique
614 1089 811 1123 revocavit
829 1110 842 1131 ,
872 1086 1068 1131 simulans,
1084 1085 1120 1122 se
1141 1086 1323 1135 quiddam
1341 1089 1380 1121 in
1397 1086 1597 1136 colloquio

435 1140 510 1177 effe
526 1140 692 1177 oblitum
713 1170 722 1180 .
751 1137 911 1176 Interim
928 1139 1047 1175 telum
1066 1140 1166 1189 quod
1197 1139 1342 1175 latebat
1361 1161 1373 1183 ‚
1402 1139 1566 1188 protulit
1587 1163 1601 1184 ,

435 1195 700 1243 nudatumque
731 1195 868 1243 vagina
899 1191 999 1230 veste
1030 1194 1127 1229 texit
1143 1205 1154 1236 3
1184 1205 1227 1228 ac
1243 1190 1407 1228 Datami
1425 1194 1598 1228 venienti

433 1251 490 1284 ait
509 1272 522 1293 ,
551 1247 827 1298 digredientem
861 1245 896 1282 se
926 1244 1236 1282 animadvertisse
1266 1268 1279 1290 ,
1308 1245 1435 1282 locum
1469 1258 1602 1295 quem-

435 1302 526 1338 dam
546 1303 610 1352 qui
628 1312 706 1336 erat
728 1303 766 1336 in
783 1298 983 1349 conspeszlu
998 1323 1011 1345 ‚
1039 1300 1087 1336 ad
1103 1297 1218 1335 castra
1236 1298 1410 1348 ponenda
1429 1297 1501 1335 esse
1520 1298 1603 1335 ido-

437 1369 553 1391 neum
571 1382 580 1390 .
612 1355 737 1412 Qem
755 1367 838 1391 cum
857 1353 980 1403 digito
997 1351 1222 1390 monstraret
1241 1375 1254 1397 ‚
1271 1352 1305 1387 &
1323 1351 1391 1388 ille
1406 1350 1601 1401 conspice-

436 1421 493 1445 ret
507 1433 519 1454 ,
535 1411 708 1446 aversum
725 1406 824 1444 ferro
842 1406 1035 1443 transfixit
1055 1422 1061 1443 :
1081 1404 1255 1456 priusque
1272 1418 1384 1455 quam
1402 1403 1607 1455 quisquam

436 1461 559 1513 posset
589 1460 798 1500 succurrere
819 1484 833 1506 ,
863 1458 1058 1497 interfecit
1077 1487 1084 1494 .
1114 1458 1174 1495 Ita
1206 1458 1275 1495 ille
1292 1461 1351 1494 vir
1367 1461 1431 1509 qui
1456 1459 1602 1495 multos

437 1515 596 1553 consilio
613 1540 626 1561 ‚
655 1517 847 1552 neminem
865 1512 1023 1565 perfidia
1055 1523 1204 1564 ceperat
1225 1535 1239 1558 ‚
1268 1511 1443 1550 simulata
1469 1524 1602 1562 captus

438 1568 490 1606 est
510 1572 681 1608 amicitia
700 1596 710 1605 .

537 1694 1519 1763 EPAMINONDAS.

976 1839 1017 1876 X
1032 1838 1083 1877 V.

438 1943 469 1981 I.
573 1944 952 1985 PAMINONDAS
968 1947 1151 1996 Polymni
1167 1945 1271 1984 filius
1289 1943 1493 1983 Thebanus
1511 1970 1519 1978 -
1536 1942 1600 1981 De

598 2000 667 2038 hoc
683 2001 900 2052 priusquam
919 2001 1124 2039 scribamus
1142 2025 1154 2046 ‚
1184 2000 1260 2037 haec
1275 1999 1520 2050 praecipienda
1539 2001 1598 2035 vi-

436 2053 574 2090 dentur
589 2055 794 2093 lectoribus
818 2079 830 2101 ,
860 2070 905 2092 ne
921 2056 1069 2093 alienos
1086 2068 1209 2092 mores
1225 2054 1271 2091 ad
1290 2053 1374 2091 suos
1400 2051 1564 2091 reserant
1583 2073 1598 2096 ,

1449 2119 1546 2143 neve
