1714 2719
350 191 808 235 DATAMES.
896 190 1036 229 XIV.
1179 202 1220 236 55

336 325 1057 395 DATAMES.

635 491 775 532 XIV.

113 654 143 693 Ι.
285 649 418 689 ΕΝῙΟ
447 663 547 687 nunc
570 648 617 686 ad
650 647 894 687 fortissimum
913 650 1035 686 virum
1054 673 1068 695 ,
1097 651 1279 686 maximi-

310 719 382 756 que
410 703 558 742 consilii
589 705 764 740 omnium
793 702 1034 739 barbarorum
1069 727 1081 748 ,
1111 706 1283 753 exceptis

114 759 260 799 duobus
276 756 654 809 Carthaginicnsrbus
671 780 686 801 ,
703 754 930 793 Hamilcare
942 781 955 801 ,
973 758 1007 793 ὃ(
1025 753 1252 793 Hannibale
1270 783 1280 792 .

113 815 177 854 De
195 827 269 864 quo
291 813 358 849 hoc
376 811 483 861 plura
502 809 706 848 referemus
722 833 734 854 ,
765 810 865 860 quod
888 811 922 846 ὃ(
949 809 1162 848 obscuriora
1195 809 1281 847 sunt

115 871 195 919 ejus
214 865 311 918 gesta
342 865 547 915 pleraque:
576 864 612 900 ὃ(
628 877 668 900 ca
687 877 765 914 quae
795 862 970 913 prospere
999 867 1034 900 ei
1064 863 1248 901 cesserunt
1267 887 1280 908 ‚

114 936 189 959 non
207 919 476 971 magnitudine
492 920 685 966 copiarum
704 940 716 960 ,
747 915 807 953 sed
825 917 973 953 consilii
991 941 1004 962 ,
1035 931 1110 968 quo
1126 929 1278 954 tantum

111 988 187 1012 non
204 985 334 1010 omnes
370 970 567 1020 superabat
585 996 597 1017 ,
627 970 846 1007 acciderunt
869 985 876 1006 :
906 983 1068 1020 quorum
1093 970 1160 1006 nisi
1180 973 1279 1008 ratio

110 1027 302 1078 explicata
338 1023 454 1060 fuerit
476 1047 490 1068 ,
520 1037 576 1060 res
593 1036 774 1072 apparere
805 1037 879 1058 non
911 1035 1092 1073 poterunt
1109 1050 1118 1058 .
1152 1022 1282 1060 Data-

110 1094 190 1119 mes
208 1092 314 1131 patre
333 1077 543 1115 Camiffire
561 1100 573 1121 ,
603 1079 760 1113 natione
775 1074 875 1113 Can-e
892 1100 904 1121 ,
934 1088 1058 1114 matre
1088 1076 1277 1126 Scythissa

113 1146 226 1172 natus
239 1157 253 1178 ,
271 1135 434 1183 primum
453 1131 621 1167 militum
640 1143 796 1167 numero
813 1128 887 1166 suit
903 1131 1003 1180 apud
1020 1129 1280 1168 Artaxerxem

116 1201 244 1226 eorum
263 1189 326 1237 qui
344 1188 485 1235 regiam
518 1183 723 1220 tuebantur
738 1210 752 1219 ι
779 1181 893 1220 Pater
909 1186 988 1235 ejus
1018 1183 1248 1221 Camiffares
1267 1208 1282 1230 ‚

115 1242 216 1293 quod
233 1242 268 1277 &
285 1252 400 1276 manu
417 1237 528 1274 fortis
545 1260 558 1282 ,
588 1238 623 1273 ὅ(
641 1237 745 1274 bello
761 1235 930 1274 strennus
948 1260 961 1282 ,
991 1237 1027 1274 ὃ(
1055 1241 1131 1289 regi
1147 1239 1285 1275 multis

114 1294 209 1331 locis
226 1293 350 1330 fidelis
369 1303 449 1328 erat
467 1302 635 1340 repertus
653 1313 666 1335 ‚
697 1290 829 1327 habuit
860 1292 1101 1341 provinciam
1131 1290 1284 1329 Ciliciae

113 1349 220 1399 juxta
236 1345 523 1397 Cappadociam
537 1368 549 1389 ‚
568 1357 683 1395 quam
699 1343 876 1381 incolunt
893 1343 1122 1394 Leucosyri.
1155 1343 1286 1382 Data-

111 1414 192 1438 mes
210 1400 381 1437 militare
396 1411 533 1435 munus
551 1397 715 1449 fungens
731 1400 898 1448 primurn
916 1422 928 1444 ,
961 1398 1087 1448 qualis
1105 1397 1196 1436 esset
1211 1413 1283 1450 ap-

112 1457 239 1506 paruit
277 1455 316 1489 in
349 1452 452 1490 bello
491 1451 590 1502 quod
622 1463 685 1488 rex
718 1450 898 1489 adversus
926 1451 1110 1490 Cadusios
1141 1452 1247 1504 geffit
1272 1481 1283 1490 .

112 1506 293 1558 Namque
308 1507 368 1543 hic
398 1505 531 1542 multis
566 1504 740 1542 millibus
773 1503 986 1542 interfecsiis
1004 1529 1016 1551 ,
1045 1508 1177 1557 magni
1206 1504 1285 1545 fuit

112 1563 192 1613 ejus
209 1573 319 1611 opera
339 1587 350 1595 .
379 1561 468 1622 Qo
484 1557 625 1595 faCtum
642 1557 693 1596 est
712 1571 752 1596 ut
772 1583 785 1604 ,
814 1573 898 1596 cum
932 1561 970 1595 in
991 1574 1035 1596 eo
1062 1560 1166 1597 bello
1182 1563 1283 1598 ceci-

115 1613 226 1653 diffet
241 1613 473 1652 Camiffares
491 1637 503 1657 ‚
534 1624 689 1663 paterna
707 1615 740 1649 ei
758 1613 970 1649 traderetur
987 1616 1186 1663 provincia
1205 1641 1214 1649 .

166 1666 216 1705 ΙΙ.
247 1667 334 1705 Pari
353 1667 387 1703 sc
405 1669 547 1703 virtute
563 1665 688 1716 postca
707 1666 882 1716 praebuit,
900 1681 985 1703 cum
1004 1667 1279 1717 Autophrada-

113 1734 170 1760 tes
193 1721 288 1773 jussu
306 1723 405 1772 regis
423 1720 525 1757 bello
556 1718 841 1771 persequeretur
870 1734 932 1757 eos
951 1722 1015 1771 qui
1031 1719 1249 1758 defecerant
1271 1750 1279 1758 .

118 1774 298 1826 Namque
314 1777 393 1825 ejus
411 1787 524 1824 opera
541 1772 662 1810 hostes
681 1797 693 1818 ,
723 1788 807 1811 cum
827 1773 942 1811 castra
959 1776 1037 1825 jam
1054 1773 1254 1812 intrassent
1267 1800 1282 1822 ‚

116 1830 306 1880 profligati
332 1827 418 1864 sunt
435 1851 448 1873 ,
478 1826 738 1878 exercitusque
756 1828 925 1878 reliquus
941 1827 1252 1866 conservatus'est
1271 1858 1281 1867 .

119 1884 205 1939 Qua
223 1895 267 1919 ex
286 1896 323 1919 re
339 1881 547 1931 majoribus
564 1880 671 1918 rebus
689 1881 836 1931 praeeffe
853 1884 967 1932 coepit
985 1908 993 1916 .
1012 1880 1106 1919 Erat
1124 1896 1167 1919 eo
1185 1894 1284 1920 tem-

119 1950 210 1987 pore
230 1935 362 1984 Thyus
379 1933 555 1983 dynastes
573 1933 841 1986 Paphlagoniae
855 1959 866 1980 ,
884 1938 1046 1986 antiquo
1062 1949 1197 1987 genere
1214 1951 1282 1973 na-

117 2002 180 2026 tus
198 2013 210 2034 ‚
238 2003 258 2026 a
275 1988 492 2038 Pylaemene
523 1989 593 2025 illo
610 2002 720 2039 quem
752 1987 947 2026 Homerus
974 1988 1114 2027 Troico
1131 1989 1233 2028 bello
1261 2005 1282 2028 a

117 2042 296 2080 Patroclo
328 2041 569 2080 interfestum
598 2045 654 2078 ait
672 2069 679 2077 .
710 2040 747 2079 Is
764 2045 861 2093 regis
887 2042 990 2080 dieto
1018 2044 1177 2080 audiens
1207 2058 1283 2082 non

121 2109 200 2134 erat
217 2124 225 2132 .
258 2109 371 2149 quam
389 2095 436 2134 ob
453 2095 618 2134 caussam
642 2095 746 2134 bello
762 2110 846 2133 eum
868 2095 1040 2148 persequi
1056 2094 1255 2136 constituit
1273 2122 1288 2145 ,

789 2148 830 2188 D
886 2163 909 2193 4
1125 2155 1235 2203 eique
