1714 2719
509 173 558 215 48
667 167 1034 207 CORNELII
1077 166 1391 208 NEPOTIS

457 258 722 288 concurrerant
741 271 753 291 ‚
771 246 906 297 quibus
924 246 1003 282 tale
1019 245 1167 283 facinus
1183 245 1410 296 displicebat
1423 242 1446 281 .’
1463 243 1521 284 Ηὶ
1538 247 1616 286 fal·
1672 267 1674 270 ·

458 303 493 340 sa
512 301 721 351 suspicione
736 299 837 336 duffl
851 324 864 345 ,
882 302 1124 336 immerentes
1142 303 1304 336 inermes
1327 323 1338 344 ,
1358 310 1397 336 ut
1415 298 1615 339 sceleratos

457 356 636 393 occidunt
654 381 663 389 .
695 352 823 403 Hujus
841 353 886 389 de
902 364 1024 389 morte
1040 364 1080 389 ut
1097 353 1224 402 palam
1241 351 1382 389 fufium
1400 351 1450 389 est
1469 377 1482 399 ,
1501 357 1618 391 mira-

455 409 588 447 biliter
605 407 711 457 vulgi
728 409 928 442 immutata
960 404 1011 442 est
1030 405 1208 443 voluntas
1225 433 1233 441 .
1267 404 1371 442 Nam
1390 408 1454 455 qui
1483 408 1615 444 vivum

454 475 541 499 eum
559 472 762 509 tyrannum
793 462 1010 496 vocitarant
1026 483 1038 505 ,
1069 460 1241 496 eumdem
1272 458 1519 496 liberatorem
1549 473 1617 509 pa-
1658 459 1659 462 ’

453 517 533 551 triae
551 539 564 559 ,
593 515 824 563 tyrannique
846 510 1082 560 expulsorem
1100 511 1353 562 praedicabant
1373 539 1381 546 .
1413 512 1472 549 Sic
1490 512 1616 550 subito

452 567 713 605 misericordia
730 566 818 604 odio
835 564 1053 602 successerat
1070 588 1083 610 ‚
1113 577 1155 601 ut
1170 579 1254 602 eum
1273 569 1336 602 suo
1354 564 1560 614 sanguine,
1590 566 1616 603 fi
1658 566 1659 569 ’

453 620 601 672 possent
617 644 629 664 ,
665 619 711 656 ab
728 618 948 655 Acheronte
977 631 1157 667 cuperent
1174 620 1358 655 redimere
1375 646 1382 653 .
1413 617 1548 669 Itaque
1575 621 1617 655 in
1658 654 1660 659 ,

452 674 544 711 urbe
562 697 575 718 ‚
603 673 849 709 celeberrimo
866 670 950 707 loco
967 694 979 713 ,
1006 671 1129 707 elatus
1148 671 1299 721 publice
1316 695 1328 716 ‚
1358 671 1518 721 sepulcri
1535 685 1617 708 mo-
1658 705 1662 718 ,

453 737 637 764 numento
654 726 815 762 donatus
832 722 882 761 est
900 750 908 758 .
940 722 1059 760 Diem
1089 723 1186 760 obiit
1203 727 1354 761 circiter
1368 738 1489 761 anuos
1506 727 1619 775 quin-
1658 723 1661 772 ζ

454 783 637 830 quaginta
656 781 824 828 quinque
853 787 965 813 natus
983 799 997 821 ,
1026 788 1205 827 quartum
1235 776 1314 827 post
1335 790 1477 814 annum
1502 791 1616 828 quam
1658 779 1662 790 ¹

453 845 499 870 ex
516 829 777 881 Peloponneso
795 833 835 866 in
851 830 1022 866 Siciliam
1039 831 1201 867 redierat
1219 855 1230 866 .

563 924 1494 1024 IPHICRATES.

984 1097 1025 1134 X
1038 1096 1069 1133 I.
1660 1151 1661 1156 1

451 1203 482 1242 I.
550 1202 872 1243 PHICRATES
889 1203 1134 1241 Atheniensis
1156 1214 1326 1239 nontam
1345 1201 1614 1252 magnitudine
1658 1169 1662 1192 i
1684 1228 1686 1237 .

575 1273 695 1296 rerum
716 1257 900 1308 gestarum
921 1271 1034 1307 quam
1070 1255 1271 1306 disciplina
1290 1257 1453 1292 militari
1471 1255 1615 1291 nobili-

452 1323 555 1349 tatus
573 1311 623 1349 est
639 1339 647 1347 .
683 1310 772 1348 Fuit
789 1313 890 1348 enim
907 1310 997 1347 talis
1014 1311 1106 1354 duX,
1124 1322 1165 1346 ut
1183 1324 1258 1346 non
1275 1308 1394 1345 solum
1411 1312 1533 1345 aetatis
1551 1307 1618 1344 suae
1659 1310 1665 1332 '·

452 1380 537 1403 cum
555 1367 687 1416 primis
719 1376 998 1415 compararetur
1015 1387 1028 1408 ,
1057 1363 1182 1399 sedne
1207 1363 1252 1399 de
1283 1361 1488 1412 majoribus
1522 1374 1616 1397 natu

453 1420 609 1469 quidem
629 1417 825 1468 quisquam
842 1428 1158 1466 anteponeretur.
1178 1415 1354 1452 Multum
1375 1428 1464 1451 vero
1481 1417 1519 1450 in
1537 1414 1617 1450 bel·-

451 1472 494 1508 lo
511 1471 562 1509 est
579 1471 748 1509 versatus
766 1495 778 1516 ,
796 1470 886 1520 saepe
902 1471 1130 1507 exercitibus
1148 1468 1313 1518 praefuit,
1334 1467 1516 1518 nusquam
1535 1467 1618 1504 cul-

454 1538 504 1576 pa
520 1526 621 1562 male
638 1539 715 1562 rem
733 1523 836 1575 geffit
855 1548 868 1569 ,
885 1522 1029 1573 semper
1045 1523 1203 1559 consilio
1222 1525 1314 1559 vicit
1330 1549 1338 1556 .
1372 1521 1615 1571 Tantumque

452 1592 498 1616 eo
515 1580 639 1617 valuit
653 1602 665 1623 ,
700 1589 741 1614 ut
758 1577 878 1614 multa
898 1580 937 1613 in
954 1590 992 1613 re
1009 1577 1170 1612 militari
1188 1578 1328 1624 partim
1359 1588 1456 1611 nova
1474 1574 1617 1611 attule-
1660 1575 1662 1611 ἶ

453 1635 504 1669 rit
523 1656 535 1678 ‚
556 1635 696 1682 partim
712 1631 872 1668 meliora
889 1629 1021 1667 fecerit
1039 1657 1046 1665 .
1078 1629 1257 1679 Namque
1274 1629 1341 1665 ille
1357 1627 1538 1678 pedestria
1558 1640 1620 1663 ar-

455 1699 516 1722 ma
548 1688 714 1722 mutavit
735 1708 747 1729 ,
777 1698 861 1721 cum
893 1695 982 1719 ante
1013 1683 1124 1719 illum
1143 1685 1407 1732 imperatorem
1435 1683 1615 1718 maximis

455 1740 602 1788 clypeis
619 1762 633 1783 5
664 1737 912 1788 brevibusque
928 1735 1040 1773 hastis
1059 1760 1071 1780 ,
1111 1739 1272 1773 minutis
1287 1735 1426 1786 gladiis
1467 1747 1620 1771 uteren-

456 1803 518 1829 tur
535 1820 543 1827 .
573 1791 647 1828 Ille
664 1805 683 1828 e
700 1794 890 1827 contrario
924 1790 1067 1839 peltam
1089 1803 1155 1839 pro
1188 1802 1315 1839 parma
1346 1788 1438 1825 fecit
1457 1812 1469 1833 ‚
1499 1801 1519 1824 a
1545 1799 1617 1837 qua
1660 1795 1663 1831 j

456 1844 582 1896 postea
601 1843 765 1895 peltastae
788 1843 934 1893 pedites
951 1843 1196 1893 appellantur
1212 1867 1225 1888 ,
1254 1853 1295 1879 ut
1312 1842 1357 1878 ad
1385 1853 1511 1878 motus
1530 1854 1621 1878 con·
1659 1833 1663 1844 ’

459 1897 659 1949 cursusque
689 1896 805 1934 essent
835 1897 998 1933 leviores
1017 1911 1024 1932 ε
1054 1895 1162 1933 hastae
1191 1896 1345 1932 modum
1374 1895 1588 1945 duplicavit
1605 1916 1618 1938 ‚

459 1952 607 2002 gladios
639 1951 829 2001 longiores
860 1948 950 1987 fecit
969 1976 977 1984 .
1008 1947 1113 1985 Idem
1131 1962 1247 2000 genus
1274 1949 1476 1985 loricarum
1494 1958 1618 1983 muta-
1660 1946 1662 1954 '

458 2007 518 2044 vit
535 2028 547 2049 ,
577 2006 612 2041 ὃ(
629 2018 693 2054 pro
723 2002 853 2040 ferreis
871 2015 986 2053 atque
1002 2006 1111 2039 aeneis
1142 2003 1264 2040 lineas
1280 2002 1386 2039 dedit
1405 2028 1413 2036 .
1443 2004 1532 2057 Qo
1559 1998 1617 2036 fa·
1660 1994 1662 2014 ²

459 2057 522 2097 ἑὶο
537 2059 792 2108 expeditiores
807 2056 952 2093 milites
970 2056 1136 2093 reddidit
1154 2083 1162 2092 .
1195 2069 1283 2094 nam
1309 2054 1473 2106 pondere
1493 2054 1619 2090 detra·
1660 2086 1662 2106 τ

1474 2106 1566 2151 80,
