1714 2719
500 165 545 209 58
653 162 1026 205 CORNELII
1081 164 1395 205 NEPOTIS

441 241 747 280 benivolentiam
783 245 881 292 regis
911 242 1101 280 Datames
1128 243 1349 282 consecutus
1378 240 1499 294 esset,
1526 263 1604 287 non

442 299 630 332 minorem
650 297 837 332 invidiam
856 296 1067 333 aulicorum
1085 300 1235 348 excepit
1253 322 1265 342 ,
1296 299 1396 349 quod
1423 299 1534 338 illum
1562 319 1607 340 u-

441 363 531 386 num
550 350 668 399 pluris
683 363 794 400 quam
816 349 852 386 se
881 364 1013 386 onmes
1039 349 1122 387 fieri
1159 352 1342 389 videbant
1360 380 1368 387 .
1400 354 1489 405 Quo
1505 354 1606 393 faeto

439 402 566 439 enneli
583 404 629 439 ad
646 417 729 440 eum
747 404 1037 452 opprimendum
1055 403 1323 441 consenserunt
1341 433 1350 441 .
1382 404 1475 444 Haec
1506 407 1606 445 Pan-

441 456 549 492 dates
566 480 577 501 ,
608 470 703 507 gazae
722 456 842 494 custos
860 458 965 506 regiae
983 481 995 501 ‚
1023 460 1167 495 amicus
1185 457 1378 505 Datami,
1399 459 1605 511 perscripta

441 513 476 546 ei
493 512 616 546 mittit
634 535 646 553 ,
678 513 715 546 in
734 510 869 561 quibus
888 511 996 546 docet
1015 534 1027 555 ‚
1048 525 1131 547 eum
1151 526 1291 563 magno
1308 511 1389 549 sore
1405 517 1575 564 periculo
1593 539 1607 561 ,

440 562 464 599 si
483 563 572 613 quid
605 563 675 599 illo
708 567 921 613 imperante
942 566 979 599 in
1000 562 1182 615 AEgypto
1211 565 1355 602 adversi
1386 567 1579 605 accidisset
1595 595 1604 604 .

438 630 605 667 namque
633 615 760 653 EAM
789 615 936 652 ESSE
965 615 1647 658 CONSUETUDINEM>

440 668 709 706 REGUM
741 693 754 713 ,
796 668 890 705 UT
940 668 1167 706 CASUS
1209 670 1607 711 ADVERSOS

439 721 866 760 HOMINIBUS
895 719 1318 769 TRIBUANT,
1350 725 1608 765 SECUN-

440 775 573 814 DOS
602 774 741 812 FOR
764 774 849 812 TU
870 774 906 811 N
929 774 988 812 AE
1037 775 1208 813 SUAE.
1243 791 1316 828 quo
1340 777 1611 818 faciles-ierint

439 829 693 880 impellantur
709 829 755 865 ad
781 843 908 865 eorum
927 831 1134 878 perniciem
1149 844 1309 880 quorum
1325 831 1437 869 duelu
1455 847 1511 870 res
1527 848 1610 871 ma-

442 884 479 920 le
495 881 600 934 gesta:
622 886 874 919 nuntientur.
906 883 1018 919 illum
1050 883 1121 920 hoc
1154 886 1298 934 majore
1327 884 1407 922 fore
1423 886 1611 924 discrimi-

441 951 518 981 ne,
549 937 647 986 quod
681 936 816 985 quibus
852 950 917 972 rex
946 941 1117 975 maxime
1147 937 1300 974 obediat
1331 961 1344 983 ,
1374 952 1436 976 eos
1471 941 1609 978 habeat

437 989 742 1026 inimicissimos.
778 989 940 1026 Talibus
975 990 1044 1027 ille
1061 990 1185 1027 literis
1215 994 1381 1042 cognitis
1412 1007 1496 1030 cum
1528 995 1610 1045 jam

440 1044 489 1080 ad
506 1044 714 1080 exercitum
738 1042 893 1079 Acaeum
911 1044 1072 1080 veniffet
1090 1066 1103 1088 ‚
1133 1045 1234 1093 quod
1252 1058 1329 1080 non
1348 1047 1548 1095 ignorabat
1566 1061 1607 1083 ea

440 1111 529 1133 vere
547 1095 685 1145 scripta
706 1120 718 1140 ,
739 1095 942 1132 desciscere
958 1110 976 1132 a
996 1110 1080 1147 tege
1096 1095 1294 1133 constituit
1314 1125 1323 1132 .
1341 1111 1462 1148 neque
1478 1110 1609 1136 tamen
1662 1094 1665 1134 ἶ

438 1150 650 1201 quidquam
680 1147 771 1185 fecit
803 1149 903 1199 quod
921 1148 993 1186 fide
1024 1149 1085 1186 sua
1115 1149 1205 1186 esset
1242 1150 1442 1201 indignum
1463 1179 1471 1187 .
1501 1151 1607 1189 Nam

439 1201 710 1241 Mandroclem
730 1202 955 1253 Magnetem
986 1205 1169 1240 exercitui
1201 1202 1395 1252 praefecit:
1427 1204 1505 1256 ipse
1521 1220 1606 1244 cum

439 1257 514 1294 suis
537 1259 573 1293 in
602 1255 887 1305 Cappadociam
907 1255 1084 1302 discedit,
1101 1256 1417 1309 conjuussiamque
1434 1258 1522 1296 huic
1537 1259 1611 1296 Pa-

440 1311 692 1365 phlagoniam
709 1320 868 1358 occupat
889 1323 900 1353 3
931 1310 1059 1346 celans
1077 1323 1148 1360 qua
1168 1310 1371 1348 voluntate
1387 1311 1477 1349 esset
1494 1315 1532 1349 in
1551 1327 1610 1350 re-

441 1378 527 1416 gem
546 1379 552 1399 :
583 1365 682 1400 clam
700 1376 782 1399 cum
802 1362 1065 1400 Ariobarzane
1082 1362 1176 1400 facit
1193 1366 1407 1401 amicitiam
1420 1390 1434 1411 ‚
1451 1381 1607 1404 manum

439 1429 636 1467 comparat
654 1441 666 1461 ,
696 1415 804 1452 urbes
821 1419 988 1453 munitas
1008 1416 1080 1453 suis
1098 1417 1258 1453 tuendas
1279 1419 1397 1455 tradit
1415 1446 1423 1454 .

495 1469 564 1507 VI.
597 1470 666 1507 Sed
684 1469 758 1505 haec
775 1481 926 1520 propter
944 1469 1108 1507 hiemale
1125 1482 1275 1520 tempus
1291 1475 1421 1509 minus
1448 1472 1606 1524 prospe-

440 1539 479 1562 re
496 1523 742 1562 succedebant
757 1550 763 1556 .
798 1521 920 1560 Audit
933 1547 945 1568 5
965 1522 1106 1560 Pisidas
1124 1523 1303 1575 quasdam
1320 1529 1450 1575 copias
1466 1529 1605 1565 adver-

440 1578 500 1616 sus
517 1577 699 1627 separare
719 1604 726 1610 .
758 1575 902 1613 Filium
920 1591 963 1613 eo
980 1576 1188 1614 Arfidaeum
1207 1592 1290 1615 cum
1323 1582 1490 1617 exercitu
1514 1584 1608 1618 mit-

441 1635 490 1669 tit
509 1659 516 1667 .
546 1630 663 1668 Cadit
683 1633 720 1666 in
739 1630 874 1679 proelio
890 1629 1108 1668 adolescens
1126 1659 1133 1666 .
1169 1631 1421 1681 proficiscitur
1438 1648 1481 1671 eo
1501 1647 1609 1685 pater

441 1700 517 1723 non
538 1688 589 1721 ita
608 1698 691 1722 curn
711 1697 847 1734 magna
864 1698 977 1720 manu
993 1709 1005 1729 ,
1035 1685 1162 1722 celans
1180 1699 1366 1736 quantum
1384 1687 1524 1726 vulnus
1541 1702 1604 1725 ac—

442 1738 719 1790 cepiiset,quod
737 1741 839 1787 prius
857 1739 904 1774 ad
922 1737 1063 1774 hostem
1079 1742 1278 1788 pervenire
1292 1740 1605 1792 cupiebat-,qnam

443 1794 490 1829 de
506 1792 607 1828 male
623 1806 660 1827 re
677 1791 774 1842 gesta
808 1790 909 1828 sama
927 1792 973 1828 ad
1010 1791 1093 1828 suos
1111 1796 1328 1842 perveniret
1351 1808 1362 1838 3
1394 1808 1440 1831 ne
1456 1798 1608 1846 cognita

443 1846 517 1883 filii
536 1858 656 1882 morte
673 1846 793 1881 animi
811 1845 1107 1882 debilitarentur
1122 1847 1315 1883 militum.
1345 1850 1434 1908 Qo
1451 1860 1610 1886 conten-

443 1901 550 1936 derat
569 1902 743 1949 pervenit
761 1922 773 1943 ,
792 1897 922 1948 hisque
940 1899 1033 1935 locis
1051 1898 1165 1936 castra
1184 1904 1293 1950 ponit
1306 1925 1319 1946 ,
1336 1915 1376 1937 ut
1397 1916 1517 1953 neque
1533 1905 1610 1939 cir-

445 1955 583 1991 cumiri
600 1952 853 1989 multitudine
883 1952 1185 1990 adversariorum
1216 1953 1335 2004 posset
1353 1978 1365 1999 ,
1396 1969 1518 2006 neque
1536 1959 1609 1992 im-

445 2007 567 2057 pediri
584 2020 657 2057 quo
675 2008 799 2042 minus
820 2004 897 2055 ipse
917 2006 962 2042 ad
979 2007 1238 2044 dimicandum
1264 2022 1419 2044 manum
1449 2009 1604 2046 haberet

445 2060 664 2111 expeditam
682 2087 689 2095 .
721 2058 814 2096 Erat
831 2074 915 2097 cum
933 2073 975 2097 eo
993 2060 1326 2099 Mithrobarzanes
1344 2085 1357 2109 ‚
1386 2061 1487 2100 socer
1503 2064 1601 2113 ejus,

1463 2129 1552 2167 pra:-
