1714 2719
487 142 613 178 xxviii
712 138 1322 182 TESTIMONIA.

483 219 733 258 chronicorum
747 221 829 259 libri
844 233 915 260 tres
932 224 947 272 (
962 223 987 259 d
1002 225 1015 271 )
1033 225 1078 262 de
1094 240 1169 276 quo
1184 239 1297 276 opere
1312 226 1497 267 Catullus
1518 244 1529 268 τ

539 275 633 324 Jam
660 287 737 312 tum
753 300 766 322 ,
796 290 904 322 quum
930 277 1037 324 aufics
1063 292 1097 314 es
1127 293 1219 315 unus
1249 280 1427 316 Italorum

536 337 643 366 Omne
669 343 782 366 aevum
809 328 924 366 tribus
951 329 1122 378 explicare
1149 331 1286 369 chartis
1306 348 1318 368 .-

534 383 663 419 Doc7is
679 408 693 429 ,
724 383 875 431 Jupiter
890 383 909 418 .'
936 385 980 425 o&
1007 383 1181 431 laboriosis
1198 415 1207 422 .

426 436 719 525 Vllli'xemplorum
746 436 830 473 libri
845 461 858 483 ,
888 451 1049 488 quonum
1078 441 1245 485 quintum
1274 439 1407 478 laudat
1436 440 1597 479 Gellius

510 516 517 524 .
543 492 601 529 18.

439 585 442 589 ,
478 542 677 591 Illustrium
691 545 853 580 Virorum
867 542 950 580 libri
965 546 1180 596 complures
1197 570 1210 592 ,
1241 561 1400 597 quorum
1419 572 1450 594 5,
1473 549 1600 597 ficun-

423 592 509 632 dum
524 621 555 644 ,‚
569 596 908 643 decimumquintum
923 621 936 643 ,
965 599 1008 640 (ᾔ
1021 597 1324 648 decimumftxtum
1340 602 1486 652 allegat
1505 602 1603 640 Sosi-

425 661 534 698 pater
548 651 741 688 Charifius
757 650 825 687 lib.
845 649 921 696 „L
941 652 976 687 δε
993 651 1088 696 „IL
1113 652 1157 690 In
1189 653 1248 690 his
1286 656 1467 692 videntur
1491 654 1603 692 fuisse

423 706 519 740 Vitae
537 707 663 752 Regum
679 710 879 740 Graecorum
893 704 1134 755 aliorumque
1152 730 1165 751 ,
1182 709 1297 743 etiam
1315 707 1513 754 Illa-sirium
1533 712 1604 757 Ro-

424 769 605 792 manorum
621 781 633 802 ‚
665 771 757 807 quas
776 762 894 804 Nepos
913 756 991 806 ipse
1009 757 1260 808 composuisse
1285 759 1321 797 se
1351 761 1508 798 testatur
1523 785 1536 806 ‚
1565 763 1602 798 &

428 809 526 846 liber
541 809 584 846 de
613 808 815 856 Illustribus
848 809 1043 855 Historicis
1061 835 1073 856 ,
1103 826 1216 862 quern
1246 813 1345 849 idem
1379 819 1495 861 Nepos
1513 814 1604 852 scri-

425 862 532 913 pfiffe
548 862 585 901 se
601 863 716 901 refert
734 866 772 899 in
791 862 925 900 Dione
941 890 948 898 .
981 864 1039 901 Sic
1055 867 1171 902 etiam
1189 865 1236 902 de
1253 864 1455 913 Illustribus
1477 870 1603 903 Poetis

426 915 616 967 scripserit
634 941 646 963 ,
676 929 719 954 ut
735 916 898 967 colligas
915 931 935 953 e
951 917 1132 956 Suetonio
1162 922 1202 955 in
1222 918 1398 958 Terentii
1417 924 1498 958 vita
1518 944 1532 966 ,
1561 922 1598 957 &

427 971 473 1008 de
489 969 700 1007 Oratoribus
717 968 918 1016 Illzstribus
935 993 948 1015 9
978 971 1048 1008 &c⁰

477 1023 583 1061 Liber
599 1023 641 1060 de
658 1027 744 1060 Vita
765 1029 817 1058 M.
826 1027 947 1059 Porcii
965 1027 1118 1061 Catonis
1134 1024 1217 1076 sepa
1226 1028 1339 1063 ratim
1358 1026 1522 1078 scriptus
1539 1041 1601 1064 ro-

425 1090 518 1129 gatu
536 1076 664 1115 Attici
683 1101 696 1123 ,
712 1089 754 1114 ut
774 1083 892 1123 Nepos
909 1076 986 1127 ipse
1002 1078 1132 1116 augior
1147 1079 1197 1116 est
1219 1083 1256 1115 in
1275 1092 1448 1117 extremo
1467 1080 1596 1118 brevis

425 1133 472 1168 de
490 1131 644 1168 Catone
660 1132 1038 1168 commemorationis
1056 1145 1133 1182 quae
1151 1132 1264 1169 hodie
1280 1131 1402 1169 exstat
1419 1161 1427 1168 .

479 1185 583 1221 Libri
598 1183 639 1221 de
654 1187 743 1222 Vita
758 1186 937 1220 Ciceronis
955 1208 968 1230 ,
985 1199 1146 1236 quorum
1169 1188 1323 1234 primum
1339 1185 1472 1224 laudat
1501 1186 1601 1225 Gel-

433 1239 510 1276 lius
529 1237 622 1275 XV.
642 1239 703 1274 28.

479 1292 583 1328 Libri
604 1291 839 1340 Epistolarum
866 1291 916 1327 ad
944 1294 1170 1338 CiceronM,
1200 1307 1358 1344 quorum
1385 1296 1520 1342 primus
1548 1297 1604 1332 ci-

426 1358 530 1386 tatur
548 1359 567 1382 a
601 1344 807 1382 Laelantio
836 1343 905 1382 ΙΙΙ.
929 1356 984 1388 15.
1003 1347 1325 1396 quemadmodum
1343 1349 1379 1384 &
1400 1347 1602 1385 Ciceronis

425 1401 474 1440 ad
504 1405 675 1448 Nepotem
705 1398 896 1449 Epistolas
926 1398 1099 1450 allegant
1142 1401 1345 1439 Suetonius
1387 1403 1425 1438 in
1456 1400 1600 1439 Caesare

430 1467 514 1500 cap.
538 1464 593 1497 55.
613 1452 838 1489 Macrobius
856 1476 868 1497 ,
899 1455 1067 1503 itemque
1082 1455 1180 1490 alii.

477 1506 541 1544 De
560 1506 752 1553 Historicis
771 1508 904 1542 Graecis
922 1505 1100 1558 scripsisse
1115 1506 1151 1544 se
1166 1507 1351 1544 Cornelius
1367 1507 1528 1546 testatur
1559 1511 1598 1545 in

1457 1566 1550 1598 Dio-

426 1670 442 1718 (
459 1669 482 1706 d
499 1669 513 1716 )
543 1668 720 1717 Ausonius
752 1668 860 1716 Epist.
880 1672 984 1706 XVI.
1003 1669 1165 1715 (Vineti
1193 1667 1281 1705 edit.
1301 1672 1376 1705 III.
1389 1673 1417 1717 J
1432 1668 1598 1719 Nepotis

480 1722 672 1760 Chronica
691 1722 792 1773 quasi
825 1723 924 1760 alios
953 1723 1137 1774 apologos
1155 1747 1168 1768 9
1197 1737 1286 1760 nam
1307 1724 1342 1759 &
1373 1722 1450 1773 ipsa
1483 1721 1598 1759 instar

481 1775 568 1823 sunt
600 1775 817 1813 fabularum
836 1800 850 1821 ,
878 1777 925 1813 ad
956 1775 1204 1813 nobilitatem
1223 1788 1327 1813 tuam
1353 1776 1433 1813 misi
1451 1803 1460 1812 .
1492 1774 1597 1827 Qod

479 1831 647 1865 nimirum
660 1843 728 1864 non
746 1832 862 1865 minus
873 1829 1032 1876 jurunde
1046 1840 1234 1866 narrarent
1251 1853 1264 1876 ,
1291 1828 1534 1877 afficerentque
1548 1827 1597 1864 le-

479 1882 605 1919 Horem
619 1881 871 1930 quamfabulae
888 1911 895 1919 .
929 1889 1026 1919 Nam
1044 1881 1137 1928 fidei
1154 1883 1320 1934 Nepotis
1345 1882 1440 1918 nihil
1451 1882 1597 1930 voluiffie

478 1935 656 1973 detrahere
670 1936 725 1972 his
742 1935 855 1973 verbis
871 1936 1069 1984 Ausonium
1086 1961 1099 1982 ,
1123 1946 1227 1985 patet
1240 1951 1281 1972 ex
1295 1936 1350 1972 bis
1366 1950 1441 1982 qtcae
1448 1935 1598 1983 subiun-

469 1993 550 2038 git:
569 1989 754 2028 Gaudens
769 2002 887 2041 atque
904 1993 1019 2027 etiam
1043 1991 1213 2042 glorians
1229 1989 1311 2028 fore
1326 1990 1473 2041 aliquid
1494 1989 1595 2040 quod

476 2043 525 2081 ad
562 2043 843 2082 institutionem
874 2057 1026 2082 tuorum
1057 2068 1070 2098 2
1102 2044 1318 2083 sedulitatis
1353 2058 1440 2082 meae
1471 2042 1596 2081 studio

482 2096 700 2135 conferatur
717 2125 726 2135 .
1069 2101 1078 2115 ‘

1702 338 1708 441 ἱ

1703 534 1707 608 Ξ
