1714 2719
506 177 557 225 96
665 172 1036 215 CORNELII
1091 171 1407 214 NEPOTIS

457 255 547 294 chus
564 281 578 300 ,
607 256 783 294 Seleucus
800 279 813 301 ,
842 255 1068 293 Ptolemaeus
1086 283 1094 290 .
1123 254 1183 292 Ex
1216 256 1273 292 his
1291 255 1514 307 Antigonus
1530 273 1623 301 cum

453 309 635 347 ndversus
653 311 848 346 Seleucum
866 308 1211 359 Lysimachumque
1229 313 1447 355 dimicaret,
1465 314 1501 348 in
1523 326 1621 363 proe-

455 363 512 400 lio
530 362 672 400 occisus
690 363 740 400 est
757 390 765 398 .
802 362 886 399 Pari
902 363 980 400 leto
996 362 1152 400 affeetus
1168 361 1218 399 est
1238 361 1485 411 Lysimachus
1501 379 1521 402 a
1552 367 1619 403 Se·-

457 416 565 454 leuco
584 444 592 451 .
626 430 712 453 nam
745 416 924 453 sozietate
940 416 1120 454 dissoluta
1152 416 1296 453 bellum
1329 421 1429 453 inter
1445 417 1480 454 se
1503 418 1623 469 geffe-

453 482 543 507 tunt
602 470 658 507 At
675 469 899 507 Demetrius
917 484 1000 507 cum
1022 470 1139 507 :iliam
1171 469 1272 507 suam
1292 470 1446 507 Seleuco
1477 473 1515 507 in
1535 486 1622 509 ma-

453 527 681 561 trimonium
698 523 855 561 dediss'et
868 547 880 569 ‚
899 538 1019 575 neque
1036 538 1080 560 eo
1098 527 1219 575 magis
1237 523 1309 560 fida
1328 526 1426 560 inter
1444 538 1506 561 eos
1522 528 1621 562 arni-

453 580 548 615 citia
566 591 719 614 manere
734 576 917 627 potuisset
937 591 947 621 3
978 590 1110 627 captus
1129 577 1232 614 bello
1246 601 1259 621 ,
1278 591 1317 614 m
1334 577 1498 614 custodia
1518 577 1625 616 socer

453 634 584 681 generi
602 634 715 681 periit
733 630 865 667 morbo
881 658 890 665 .
921 629 1059 681 Neque
1076 634 1127 667 ita
1145 632 1270 667 multo
1301 630 1380 680 post
1406 632 1582 670 Seleucus
1599 645 1622 670 a

453 684 660 722 Ptolemaeo
693 682 871 721 Cerauno
899 684 990 720 dolo
1022 682 1246 720 interfessus
1262 683 1312 720 est
1330 699 1338 719 :
1370 697 1481 734 quern
1501 686 1570 723 ille
1597 699 1619 722 a

451 750 562 788 patre
577 737 776 788 expulsum
795 737 1035 773 Alexandria
1053 761 1066 781 ,
1082 737 1294 773 alienarum
1313 749 1428 785 opum
1445 740 1624 789 indigen-

452 802 533 829 tem
551 803 742 841 receperat
759 818 768 826 .
798 788 882 841 Ipse
897 803 1026 827 autem
1045 789 1271 827 Ptolemaeus
1295 803 1379 827 curn
1398 792 1509 828 vivus
1540 791 1624 829 filio

451 858 612 895 regnum
628 843 842 881 tradidisset
861 868 874 889 ‚
902 844 950 881 ab
967 844 1040 881 illo
1072 844 1204 880 eodem
1237 847 1316 880 vita
1335 847 1509 893 privatus
1525 845 1625 882 dici-

451 909 516 935 tur
532 925 540 932 .
572 897 636 935 De
666 897 802 949 quibus
820 901 1002 948 quoniam
1024 896 1115 934 satis
1132 897 1273 934 dietum
1305 908 1483 946 putamus
1501 922 1514 943 ,
1543 912 1622 936 non

451 952 739 988 incommodum
758 952 908 988 videtur
925 975 938 996 ,
968 965 1044 988 non
1062 954 1250 1000 praeterire
1268 948 1534 988 Hamilcarem
1553 976 1565 996 ,
1582 953 1621 988 &

452 1002 721 1041 Hannibalem
740 1020 748 1041 τ
778 1018 872 1056 quos
889 1005 924 1040 &
940 1007 1062 1041 animi
1078 1005 1346 1054 magnitudine
1363 1027 1375 1048 ,
1405 1006 1441 1039 ὃ(
1463 1005 1619 1042 callidi-

452 1069 532 1096 tate
548 1081 562 1105 ,
591 1071 722 1096 omnes
739 1061 778 1095 in
795 1056 932 1096 Africa
950 1069 1061 1095 natos
1077 1056 1287 1107 praestitiffe
1302 1055 1449 1094 constat
1475 1084 1485 1093 .

632 1183 1456 1257 HAMILCAR.

971 1322 1013 1361 X
1028 1322 1070 1361 X
1084 1321 1115 1359 Ι.

453 1434 484 1474 1.
517 1431 904 1526 HAMILCAR
949 1429 1190 1468 Hannibalis
1220 1429 1354 1477 filius,
1383 1430 1613 1484 cognomine

659 1487 793 1524 Bareas
812 1510 824 1532 ‚
853 1484 1182 1536 Carthaginiensis
1196 1508 1209 1530 ,
1227 1488 1352 1536 primo
1371 1484 1516 1522 Punico
1532 1484 1619 1522 bel-

450 1545 491 1582 lo
508 1567 522 1590 5
552 1542 613 1580 sed
630 1540 864 1592 temporibus
881 1542 1062 1576 extremis
1079 1563 1091 1582 ‚
1121 1538 1327 1575 admodum
1355 1538 1622 1576 adolescentu-

451 1598 513 1635 lus
530 1599 568 1633 in
587 1595 716 1633 Sicilia
749 1591 896 1645 praeeffe
926 1595 1039 1644 coepit
1058 1594 1243 1629 exercitui
1262 1619 1270 1627 .
1301 1591 1402 1629 Cum
1435 1604 1525 1630 ante
1541 1593 1622 1642 ejus

452 1652 665 1688 adventum
683 1649 717 1684 ὅ(
736 1650 833 1685 mari
851 1648 885 1683 &
903 1658 1000 1684 terra
1017 1645 1120 1683 male
1137 1659 1194 1682 res
1218 1659 1436 1697 gererentur
1455 1645 1623 1682 Cartha-

459 1703 685 1756 ginienfium
704 1726 718 1747 5
736 1700 813 1752 ipse
830 1700 894 1737 ubi
909 1698 1053 1744 adfuit,
1071 1712 1278 1749 numquam
1297 1698 1392 1736 hosti
1409 1699 1508 1737 ceffit
1526 1723 1540 1744 ,
1558 1712 1624 1736 ne-

456 1772 529 1809 que
548 1759 674 1794 locum
691 1755 852 1792 nocendi
870 1754 974 1791 dedit
993 1769 1000 1789 :
1032 1752 1199 1803 saepeque
1215 1767 1234 1790 e
1250 1755 1442 1790 contrario
1458 1751 1625 1790 occaslo-

456 1826 505 1849 ne
521 1811 605 1847 data
637 1809 821 1846 laceffivit
839 1832 852 1852 ,
883 1806 1102 1857 semperque
1133 1805 1298 1856 superior
1314 1806 1474 1843 discessit
1491 1833 1500 1842 .
1531 1808 1621 1862 Quo

454 1864 557 1903 faE’m
573 1878 657 1901 cum
677 1875 779 1913 paene
795 1864 922 1899 omnia
948 1864 986 1897 in
1005 1859 1137 1897 Sicilia
1156 1859 1263 1896 Poeni
1281 1859 1484 1898 amisissent
1504 1884 1517 1906 ‚
1547 1861 1617 1898 ille

456 1917 621 1967 Erycem
642 1916 687 1953 sic
703 1914 875 1952 defendit
893 1938 906 1959 ,
922 1926 963 1951 ut
981 1913 1125 1951 bellurn
1142 1928 1185 1951 eo
1203 1914 1287 1951 lo:o
1303 1913 1444 1965 gestum
1462 1927 1538 1951 non
1557 1916 1623 1953 vi-

456 1972 610 2009 deretur
626 1998 634 2005 .
665 1967 827 2006 Interim
843 1966 1184 2019 Carthaginienses
1204 1967 1318 2005 classe
1346 1968 1444 2019 apud
1478 1966 1621 2004 insulas

459 2023 627 2076 AEgates
644 2037 663 2060 a
693 2022 739 2060 C.
759 2021 919 2060 Lutatio
935 2019 1088 2059 consule
1121 2020 1390 2059 Romanorum
1425 2020 1588 2071 superati
1606 2043 1620 2066 ‚

459 2077 670 2118 statuerunt
688 2076 782 2114 belli
800 2075 915 2114 finem
932 2074 1066 2115 facere:
1089 2088 1248 2128 eamque
1266 2090 1346 2114 rem
1360 2075 1622 2165 arbitr-insper-

1454 2141 1508 2167 πη
1529 2143 1567 2165 e-
