1714 2719
362 127 986 170 coNON.1x.
1156 142 1199 178 39

302 265 1020 331 CONON.

633 402 650 440 1
671 374 736 442 Χ]

86 534 124 573 l.
243 530 400 571 ONON
431 530 677 569 Atheniensis
697 530 968 581 Peloponnesio
994 529 1097 568 bello
1128 532 1250 570 acces-

271 586 311 623 sit
329 586 374 622 ad
407 585 681 635 rempublicam
701 608 713 626 s
744 587 781 621 in
800 599 919 635 eoque
947 586 1026 635 ejus
1043 599 1152 635 opera
1171 600 1252 622 ma-

85 645 152 692 gni
170 641 243 678 suit
256 667 264 676 .
284 653 371 676 nam
389 640 423 675 ὃ(
440 651 574 688 praetor
590 637 820 688 pedestribus
837 639 1066 675 exercitibus
1084 638 1252 687 praefuit‚

85 696 122 732 &
140 692 335 745 praei'egtus
366 692 486 729 clanis
518 706 573 729 res
593 705 747 743 magnas
780 694 874 728 mari
908 691 1012 743 gessit
1031 719 1039 727 .
1070 694 1176 752 Qas
1206 693 1254 729 ob

86 747 229 786 caussas
246 750 451 797 praecipuus
474 747 507 782 ci
526 744 646 782 honos
664 745 816 782 habitus
832 744 882 782 est
901 773 909 780 .
932 744 1111 796 Namque
1128 748 1255 782 omni-

88 801 157 838 bus
174 815 268 838 unus
287 798 419 836 insulis
437 797 584 849 praefuit
602 826 611 834 .
643 801 681 834 in
697 812 768 849 qua
786 798 973 848 potestate
988 798 1129 836 Pharas
1152 802 1253 848 cepit

86 855 281 892 coloniam
312 851 686 889 Lacedaeiiioniorum
705 879 712 887 .
745 850 833 888 Fuit
852 855 968 889 etiam
986 864 1158 889 extremo
1183 851 1255 890 Pe-

82 906 306 957 loponnesio
324 905 427 942 bello
457 917 591 954 praetor
612 928 626 949 ‚
654 918 740 942 cum
757 905 857 954 apud
877 903 1006 955 AEgos
1022 906 1161 942 flumen
1192 920 1256 943 co-

84 963 153 1011 piae
170 957 460 996 Atheniensium
478 971 497 995 a
517 956 716 1006 Lysandro
745 956 831 994 sunt
856 957 1012 995 deviabo
1028 985 1036 993 .
1072 959 1140 994 Sed
1171 971 1253 995 tum

52 1015 58 1020 “
85 1012 211 1051 abfuit
228 1036 242 1057 ,
271 1024 389 1061 eoque
406 1012 512 1061 pejus
529 1024 585 1047 res
601 1010 865 1047 administrata
885 1009 936 1048 est
957 1038 965 1046 .
996 1024 1085 1048 nam
1105 1011 1140 1047 ὃ(
1166 1025 1255 1062 pru-

84 1068 179 1104 dens
197 1068 250 1103 re'i
266 1065 449 1102 militaris
463 1088 476 1108 ,
493 1065 528 1100 ὃ(
545 1063 711 1115 diligens
728 1075 807 1100 erat
826 1066 1004 1114 imperii.
1033 1063 1170 1116 Itaque
1187 1079 1254 1102 ne-

86 1123 181 1158 mini
199 1131 278 1156 erat
295 1119 352 1156 his
383 1116 618 1167 temporibus
645 1117 803 1154 dubium
821 1140 834 1161 ,
864 1117 887 1154 si
904 1116 1083 1155 adfuisset
1101 1142 1113 1165 ,
1145 1119 1253 1156 illam

87 1170 342 1212 Athenienses
358 1170 625 1208 calamitatem
643 1183 862 1219 accepturos
880 1185 956 1208 non
973 1170 1085 1208 fuisse
1101 1199 1109 1207 .

139 1224 189 1262 II.
221 1224 355 1263 Rebus
371 1236 497 1260 autem
526 1222 682 1263 asni-stis
699 1238 783 1261 cum
801 1226 966 1274 patriam
998 1224 1155 1262 obsideri
1189 1239 1258 1262 au—

85 1278 213 1324 disset,
232 1292 307 1315 non
325 1276 493 1328 quaesivit
510 1277 573 1313 ubi
592 1275 670 1326 ipse
687 1289 771 1314 tuto
791 1279 955 1323 viveret,
973 1276 1035 1315 sed
1051 1279 1150 1316 unde
1167 1292 1259 1329 prae-

85 1333 179 1372 sidio
206 1331 325 1383 posset
356 1329 429 1368 esse
459 1330 608 1368 civibus
641 1329 715 1368 suis
740 1358 750 1366 .
780 1329 918 1382 Itaque
946 1333 1113 1369 contulit
1144 1331 1179 1369 se
1207 1333 1256 1369 ad

88 1385 376 1424 Pharnabazum
406 1383 579 1434 satrapen
611 1381 726 1421 Ioniae
755 1385 790 1421 ὃ(
813 1383 946 1433 Lydiae
963 1409 976 1430 ,
1005 1386 1259 1437 eumdemque

83 1453 267 1493 generum
284 1441 381 1490 regis
397 1438 432 1474 &
449 1441 703 1488 propinquum
727 1452 734 1474 ι
766 1440 867 1488 apud
885 1452 997 1489 quem
1019 1452 1060 1476 ut
1090 1440 1258 1477 multum

84 1495 208 1546 gratia
228 1492 373 1530 valeret
390 1514 403 1536 ‚
433 1491 557 1528 multo
575 1491 704 1528 labore
732 1490 941 1542 multisque
958 1492 1083 1530 effecit
1111 1495 1261 1543 pericu-

87 1547 137 1584 lis
151 1573 161 1582 .
189 1544 294 1584 Nam
311 1559 395 1583 cum
414 1543 693 1582 Lacedaemonii
720 1544 1019 1582 Atheniensibus
1036 1545 1197 1584 deviElis
1215 1549 1255 1584 in

86 1599 268 1638 societate
284 1613 359 1636 non
376 1610 572 1635 manerent
586 1612 700 1649 quam
720 1612 805 1635 cum
824 1597 1042 1637 Artaxerxe
1060 1598 1229 1637 fecerant
1244 1624 1256 1645 ,

89 1651 385 1706 Agesilaumque
407 1652 594 1689 bellatum
623 1651 804 1689 misissent
839 1654 879 1688 in
897 1651 1029 1690 Asiam
1047 1677 1060 1699 ,
1089 1656 1259 1690 maxime

89 1707 239 1759 impulsi
255 1721 275 1743 a
295 1705 568 1756 Tissapherne,
586 1707 656 1756 qui
677 1719 722 1742 ex
741 1708 890 1743 intimis
908 1708 1006 1757 regis
1021 1707 1069 1744 ab
1084 1709 1258 1744 amicitia

91 1762 170 1812 ejus
183 1759 373 1798 defecerat
393 1783 404 1804 ,
434 1760 470 1796 ὃ(
485 1773 569 1796 cum
606 1757 907 1797 Lacedaemoniis
937 1767 1080 1799 co'i‘erat
1097 1759 1258 1798 societa-

90 1825 200 1859 tem3
230 1813 328 1851 hunc
343 1811 522 1850 adversus
554 1812 820 1850 Pharnabazus
847 1812 998 1850 habitus
1029 1813 1263 1864 estimpem-

91 1879 150 1906 tor
165 1895 174 1903 .
204 1881 242 1905 re
256 1867 411 1918 quidem
429 1880 515 1903 vera
534 1869 717 1904 exercitui
735 1865 886 1916 praefuit
902 1865 1040 1904 Conon
1064 1891 1077 1914 ‚
1105 1867 1260 1918 ejusque

92 1922 220 1959 omnia
251 1921 409 1958 arbitrio
445 1919 544 1971 gesta
576 1919 686 1957 sunt.
717 1918 798 1957 Hic
823 1920 995 1957 militum
1012 1923 1143 1958 ducem
1162 1920 1262 1958 sum-

92 1988 196 2012 mum
214 1973 435 2026 Agesilaum
451 1975 657 2025 impedivit
686 1998 699 2019 ‚
730 1972 897 2029 saepeque
917 1975 996 2025 ejus
1012 1975 1181 2012 consiliis
1199 1975 1267 2012 ob-

95 2027 194 2067 stitit
211 2056 220 2066 .
257 2026 395 2080 Neque
411 2042 501 2066 vero
517 2041 594 2066 non
616 2026 691 2066 fuit
707 2039 881 2078 apertum
898 2050 912 2073 ‚
941 2027 967 2066 si
984 2027 1054 2067 ille
1078 2042 1154 2066 non
1172 2024 1266 2066 fuis-

799 2079 835 2118 C
889 2093 914 2124 4
1131 2079 1215 2129 set,
