1714 2719
450 143 521 168 120
600 121 978 169 CORNELII
1033 129 1347 170 NEPOTIS

391 214 449 249 ios
469 211 602 247 habuit
620 211 750 247 hortos
769 233 781 255 ‚
799 210 947 247 nuliam
967 209 1220 264 sgburbanam
1238 222 1304 248 aut
1321 214 1557 254 maritimam

394 262 625 302 sumtuosam
646 264 783 301 villam
802 287 815 310 ,
845 278 966 315 neque
983 266 1019 300 in
1054 263 1169 300 Italia
1189 288 1202 309 ,
1231 276 1362 314 praeter
1379 264 1560 306 Ardeati-

395 331 486 356 num
505 341 518 362 ,
535 318 568 353 ὃ(
587 315 877 354 Nomentanum
897 341 909 362 ,
926 316 1103 354 rusticum
1122 319 1300 366 praedium
1321 333 1327 354 :
1361 320 1560 371 omnisque

394 374 474 423 ejus
492 373 658 420 pecuniae
677 371 820 408 reditus
837 369 1031 407 constabat
1049 373 1086 407 in
1120 369 1332 421 Epiroticis
1353 373 1387 408 &
1408 373 1562 412 urbanis

396 423 681 477 possessionibus
699 452 706 460 .
737 423 797 461 Ex
816 438 890 474 quo
923 423 1098 473 cognosci
1129 423 1249 474 potest
1268 449 1280 470 ,
1310 440 1393 462 eum
1413 450 1426 471 ,
1456 426 1564 464 usum

399 481 567 530 pecuniae
598 491 673 515 non
705 477 974 529 magnitudine
999 500 1012 522 ,
1041 476 1102 514 sed
1132 481 1282 515 ratione
1312 482 1441 516 metiri
1472 479 1568 518 soli-

403 544 484 569 tum
504 559 512 566 .

454 583 547 621 XV.
579 584 830 622 Mendacium
862 597 984 634 neque
999 583 1151 621 dicebat
1168 608 1180 629 ,
1210 599 1332 636 neque
1350 588 1431 636 pati
1456 599 1566 637 pote-

401 651 460 676 rat
478 665 486 673 .
517 636 653 687 Itaque
670 639 748 686 ejus
765 640 927 673 comitas
946 650 1020 672 non
1039 635 1114 672 fine
1130 636 1333 675 severitate
1360 651 1439 676 erat
1458 663 1471 686 ³
1501 654 1570 678 ne-

402 705 476 742 que
491 694 661 742 gravitas
678 689 753 726 fine
781 688 999 726 facilitate:
1030 701 1071 725 ut
1097 690 1254 727 difficile
1285 691 1374 728 esset
1409 693 1565 730 intelle-

402 745 466 783 &u
497 756 622 781 utrum
653 757 737 780 eum
756 745 872 780 amici
887 743 1010 793 magis
1029 754 1249 779 vererentur
1267 768 1279 789 ,
1297 758 1344 780 an
1364 758 1542 782 amarent
1560 772 1571 781 .

401 798 605 853 Quidquid
621 797 848 848 rogabatur,
878 795 1055 846 religiose
1072 797 1323 845 promittebat
1343 812 1354 842 3
1373 799 1474 849 quod
1492 812 1571 835 non

405 851 580 890 liberalis
599 874 611 895 ,
642 849 702 887 sed
720 851 818 887 levis
834 849 1093 886 arbitrabatur
1109 874 1122 894 ,
1151 850 1328 900 polliceri
1347 852 1446 901 quod
1479 865 1575 901 prae-

408 906 505 944 stare
521 918 596 940 non
616 903 735 953 posset
751 931 760 939 .
791 902 897 941 Idem
915 906 953 939 in
972 903 1131 940 nitendo
1147 904 1248 954 quod
1266 903 1379 941 semel
1398 904 1572 943 admisis-

408 959 463 998 set
482 983 493 1004 ,
510 969 616 995 tanta
635 971 714 994 erat
731 971 817 995 cura
837 981 849 1003 ,
876 968 917 994 ut
933 970 1009 993 non
1026 957 1249 993 mandatam
1268 981 1280 1001 ,
1298 957 1359 994 sed
1379 957 1480 995 suam
1498 972 1578 996 rem

414 1015 610 1052 videretur
626 1025 737 1062 agere
754 1038 762 1046 .
794 1010 1017 1060 Numquam
1037 1009 1198 1059 suscepti
1216 1013 1362 1061 negotii
1380 1026 1463 1048 eum
1495 1026 1580 1062 per-

417 1066 546 1104 tarsum
562 1063 616 1100 est
632 1091 639 1099 .
671 1065 782 1100 Suam
800 1066 903 1100 enim
921 1062 1246 1099 existimationem
1266 1066 1302 1098 in
1321 1077 1362 1100 ea
1381 1078 1419 1101 re
1434 1068 1495 1115 agi
1512 1079 1582 1115 pu-

418 1119 527 1156 tabat
546 1140 558 1162 ‚
579 1130 651 1166 qua
669 1117 768 1153 nihil
787 1116 949 1152 habebat
965 1118 1089 1152 carius
1107 1142 1114 1149 .
1145 1118 1236 1175 Qo
1253 1115 1367 1152 fiebat
1386 1130 1434 1157 ,ut
1448 1121 1583 1155 omnia

418 1173 481 1209 M.
500 1173 534 1208 ὃ(
554 1169 853 1230 QCiceronum
880 1194 893 1215 7
918 1169 1101 1214 Catonis,
1121 1170 1261 1215 Marii,
1279 1171 1333 1230 Q
1350 1167 1548 1208 Hortensii
1568 1194 1583 1218 ,

418 1225 518 1263 Auli
551 1224 774 1274 Torquati,
806 1224 1017 1260 multorum
1038 1235 1212 1272 pvraeterea
1231 1229 1402 1273 equitum
1431 1224 1586 1262 Roma-

416 1293 553 1317 norum
570 1281 722 1329 negotia
757 1289 974 1327 procuraret
994 1305 1000 1311 .
1035 1275 1093 1312 Ex
1113 1291 1187 1326 quo
1217 1277 1379 1326 judicari
1397 1290 1548 1329 poterat
1570 1302 1585 1325 ,

416 1347 495 1370 non
513 1335 681 1377 inertia,
712 1329 773 1367 sed
788 1331 933 1381 judicio
951 1355 964 1376 ‚
994 1330 1128 1381 fugisse
1158 1330 1374 1381 reipublicae
1405 1346 1586 1384 procura-

421 1389 571 1423 tionem
589 1414 597 1421 .
1699 1382 1702 1399 ¹

476 1438 587 1475 XVI.
621 1436 895 1474 Humanitatis
914 1451 1003 1474 vero
1020 1437 1170 1474 nullum
1192 1439 1323 1476 afferre
1341 1441 1463 1490 majus
1477 1438 1586 1477 testi-

420 1495 595 1530 monium
614 1492 777 1541 possum,
795 1505 909 1541 quam
927 1491 1025 1542 quod
1043 1489 1263 1532 adolescens
1281 1493 1381 1529 idem
1404 1493 1481 1530 seni
1499 1494 1588 1530 Sul-

422 1548 467 1584 lae
484 1546 600 1584 fuerit
614 1544 899 1596 jucundissimus
918 1569 930 1590 ‚
961 1544 1072 1582 senex
1091 1544 1326 1583 adolescenti
1359 1546 1418 1583 M.
1440 1547 1556 1584 Bruto
1577 1561 1585 1583 ε

424 1614 510 1639 cum
529 1599 738 1651 aequalibus
754 1610 883 1636 autem
902 1597 976 1635 suis
994 1623 1006 1644 ,
1037 1601 1093 1660 Q
1107 1596 1316 1636 Hortensio
1334 1624 1346 1645 ,
1377 1601 1411 1636 ὃ(
1438 1600 1498 1637 Μ.
1517 1600 1590 1638 Ci-
1645 1648 1647 1650 ¹
1702 1602 1714 1652 ,ἓ

425 1668 562 1692 cetone
577 1678 590 1699 -,
622 1653 668 1690 sic
688 1655 861 1698 vixerit,
890 1664 931 1688 ut
945 1654 1114 1702 judicare
1131 1652 1288 1690 difficile
1304 1653 1346 1690 sit
1363 1677 1376 1698 ,
1407 1657 1466 1691 cui
1483 1656 1588 1691 aetati
1702 1659 1705 1686 1

428 1707 545 1745 fuerit
562 1706 788 1757 aptissimus.
807 1719 1038 1757 quamquam
1057 1719 1141 1742 eum
1159 1709 1344 1756 praecipue
1361 1708 1502 1744 dilexit
1520 1707 1592 1745 Ci-
1703 1721 1706 1738 ι

427 1775 514 1799 cero
533 1785 545 1806 ,
576 1773 616 1797 ut
635 1774 682 1797 ne
713 1759 833 1797 frater
850 1761 1003 1809 quidem
1036 1762 1069 1796 ei
1090 1761 1263 1820 Qintus
1292 1765 1416 1798 carior
1445 1760 1560 1798 fuerit
1578 1785 1592 1807 ,

427 1826 495 1851 aut
511 1814 742 1851 familiarior
757 1842 765 1849 .
799 1813 848 1851 Ei
866 1817 919 1851 rei
937 1813 1021 1850 sunt
1040 1814 1185 1850 indicio
1202 1837 1215 1858 7
1245 1826 1378 1863 praeter
1392 1829 1455 1852 eos
1473 1815 1591 1852 libros
1704 1821 1707 1851 Ι

430 1871 469 1904 in
487 1868 625 1919 quibus
642 1869 687 1904 dc
705 1881 747 1904 eo
778 1867 871 1905 facit
902 1869 1138 1904 mentionem
1158 1891 1170 1912 ,
1201 1870 1322 1918 quiin
1352 1869 1489 1919 vulgus
1506 1868 1591 1905 sunt

430 1922 527 1958 editi
545 1946 558 1966 ,
588 1921 778 1958 sexdecim
799 1923 999 1958 volumina
1019 1919 1263 1970 epistolarum
1284 1945 1296 1967 ,
1326 1921 1373 1958 ab
1393 1921 1592 1959 consulatu

431 1976 511 2025 ejus
543 1974 660 2024 usque
691 1975 739 2011 ad
770 1987 982 2013 extremum
1011 1986 1162 2024 tempus
1191 1975 1238 2012 ad
1256 1974 1434 2012 Atticum
1465 1973 1592 2012 missa·
1706 1997 1708 2013 2

429 2043 509 2065 rum
529 2056 536 2063 .
569 2031 661 2090 Qiae
679 2030 744 2078 qui
761 2028 864 2080 legat
884 2053 896 2075 ‚
914 2043 989 2065 non
1007 2027 1172 2066 multum
1190 2027 1369 2066 desideret
1385 2028 1584 2066 historiam
1706 2035 1710 2063 a

1453 2096 1544 2120 con-
