1714 2719
467 135 494 161 x
693 124 728 162 T
756 123 791 162 Ε
820 125 844 163 S
872 123 908 162 T
935 124 952 162 I
981 126 1030 163 M
1058 126 1095 164 Ο
1122 125 1163 165 N
1191 126 1209 164 I
1238 126 1277 165 A
1295 154 1303 164 .

617 208 799 257 Ausonius
828 207 982 258 Epistola
1010 222 1101 247 xv1.
1129 208 1179 245 ad
1207 208 1382 246 Probum.

469 313 670 366 Apologos
689 313 841 352 Titiani
860 339 872 361 ‚
902 317 938 352 &
955 319 1104 365 Nepotis
1119 315 1312 354 Chronica
1331 340 1344 363 ,
1362 317 1463 368 quafi
1480 317 1580 357 alios

413 368 598 420 apologos
615 392 628 414 ,
654 369 670 418 (
689 383 779 417 nam
795 369 831 405 &
849 368 927 420 ipsa
947 369 1061 407 instar
1078 369 1163 407 sunt
1179 369 1396 408 fabularum
1414 371 1428 419 )
1444 372 1492 408 ad
1514 386 1586 409 no-

415 420 608 458 bilitatem
628 435 733 459 tuam
751 422 833 460 misi
851 447 863 468 ,
880 424 1046 473 gaudens
1063 436 1178 474 atque
1199 427 1316 460 etiam
1332 424 1503 475 glorians
1521 423 1584 462 fo-

413 487 451 510 re
467 475 616 525 aliquid
633 477 734 527 quod
753 477 801 513 ad
830 476 1116 515 institutionem
1147 489 1300 515 tuorum
1318 500 1331 523 ‚
1361 476 1577 516 sedulitatis

414 541 503 566 meae
519 527 640 567 studio
656 528 876 567 conferatur
898 558 905 565 .

769 636 934 686 Eusebius
963 640 1002 672 in
1029 636 1198 674 Chronico
1218 665 1228 674 .

463 742 671 780 ORaviani
689 745 841 792 imperii
856 757 917 780 an.
931 754 1067 794 quarto
1083 766 1097 788 ‚
1112 743 1350 792 Olympiade
1365 743 1580 783 CXXCV.

409 796 594 832 Cornelius
611 803 728 844 Nepos
746 795 906 845 scriptor
920 795 1118 834 historicus
1157 798 1282 834 clarus
1300 796 1462 834 habetur
1477 824 1488 834 .

514 908 563 939 D.
584 907 821 950 Hieronymus
853 901 895 940 de
912 905 1084 951 scriptor.
1106 902 1302 950 Ecclafi'ast.
1314 912 1451 949 proaem.

461 1010 682 1059 Scripsbrunt
726 1010 772 1046 de
817 1008 912 1048 Vita
953 1008 1166 1046 Illustrium
1198 1010 1436 1058 Scriptorum
1479 1010 1579 1060 apud

406 1059 559 1100 Gnaeos
615 1063 856 1113 Hermippus
888 1063 1168 1113 Peripateticus
1194 1087 1208 1109 ,
1238 1062 1462 1113 Antigonus
1502 1061 1582 1099 Ca·-

410 1115 546 1164 rystius
564 1140 577 1163 ,
594 1118 752 1166 Satyrus
769 1117 902 1155 doetus
919 1120 978 1154 vir
995 1141 1007 1161 ,
1042 1116 1208 1166 &longe
1228 1118 1400 1152 omnium
1417 1115 1581 1152 dofflffi-

409 1183 493 1206 mus
511 1168 766 1217 Aristoxenus
784 1170 944 1208 muficus
964 1197 973 1205 .
1005 1168 1122 1220 Apud
1152 1169 1316 1206 Latinos
1332 1181 1459 1206 autem
1479 1167 1578 1206 Var-

406 1236 448 1260 ro
465 1246 477 1268 ‚
507 1223 640 1261 Santra
659 1248 672 1270 ,
701 1230 819 1273 Nepos
838 1248 851 1270 ,
873 1221 1057 1274 Hyginus
1075 1247 1088 1267 ‚
1120 1224 1156 1259 ὅ(
1172 1223 1220 1260 ad
1236 1224 1341 1274 cujus
1361 1237 1430 1260 nos
1449 1236 1579 1260 exem-

408 1277 515 1326 plum
536 1279 594 1315 vis
610 1291 818 1329 provocare
835 1301 848 1324 ‚
880 1277 1134 1329 Tranquillus
1149 1303 1160 1313 .

456 1382 664 1433 Onupbrius
682 1387 886 1421 Panvinius
902 1383 1071 1433 Catalogo
1087 1383 1287 1431 Illustrium
1303 1386 1522 1431 Scriptorum

661 1440 896 1484 Veronensium
913 1463 926 1485 ,
955 1438 1016 1476 lib.
1050 1452 1112 1477 v1.
1131 1440 1324 1485 Antiquit.

459 1544 774 1583 Constantiffimo
791 1549 968 1584 civitatis
985 1545 1114 1584 nostrae
1141 1544 1362 1583 testimonio
1391 1549 1433 1580 C.
1450 1549 1579 1580 Corne-

407 1596 495 1634 lium
512 1605 680 1647 Nepotem
696 1623 709 1645 ‚
740 1602 866 1638 virum
882 1599 1133 1638 doEliffimum
1153 1623 1165 1645 ‚
1185 1601 1220 1636 ὃ(
1237 1602 1516 1650 antiquitatum
1535 1612 1578 1635 o-

406 1655 555 1689 mnium
574 1654 858 1702 peritiffimum,
876 1652 1136 1692 Veronensem
1153 1652 1264 1690 fuisse
1281 1653 1447 1690 traditur
1464 1679 1473 1687 .
1503 1651 1579 1688 Cui

407 1708 445 1741 in
465 1705 608 1742 summa
628 1709 730 1743 curia
761 1722 846 1744 cum
865 1708 1024 1759 reliquis
1059 1707 1340 1745 Veronensibus
1370 1704 1580 1742 illustribus

406 1762 525 1796 etiam
557 1759 677 1797 statua
697 1761 814 1810 polita
849 1760 901 1798 est
928 1775 974 1798 ex
1005 1761 1158 1812 publica
1189 1760 1420 1798 audior-itate
1437 1786 1445 1794 .
1477 1758 1577 1795 Eum

406 1812 558 1849 Plinius
577 1813 643 1850 lib.
664 1812 735 1850 111.
754 1828 835 1865 cap.
861 1816 919 1851 18.
938 1814 1033 1852 Padi
1052 1815 1223 1852 accolam
1243 1825 1355 1852 vocat
1376 1837 1389 1859 ,
1419 1814 1453 1849 &
1484 1812 1580 1849 alibi

410 1865 540 1916 saepius
557 1867 603 1903 de
620 1881 663 1904 eo
681 1872 918 1906 mentionem
935 1867 1028 1906 facit
1047 1897 1054 1904 .
1085 1869 1204 1906 Ortus
1225 1867 1409 1918 siquidem
1438 1870 1476 1902 in
1495 1869 1580 1904 vico

410 1918 683 1957 Veronenfium
705 1919 876 1959 Hostilia
913 1923 960 1958 ad
991 1922 1084 1959 Padi
1107 1925 1208 1973 ripas
1225 1920 1318 1967 s1t0,
1347 1932 1389 1957 ut
1421 1919 1581 1957 Tacitus

407 1972 538 2010 ausstor
574 1973 625 2010 est
657 1974 725 2012 lib.
758 1973 829 2011 III.
864 1974 1044 2012 Historiae
1075 1974 1278 2028 Augustae.
1310 1973 1400 2011 Pius
1431 1987 1580 2025 quoque

409 2025 512 2078 Papa
529 2025 581 2065 II.
599 2030 639 2065 in
660 2028 756 2066 Afiae
773 2028 1027 2080 descriptione
1056 2043 1142 2068 eum
1162 2026 1418 2068 veronensem
1434 2038 1579 2118 fapserte

1454 2095 1488 2118 ur
1511 2102 1527 2111 -
