1714 2719
375 163 988 205 TESTIMONIA.
1116 171 1214 205 xxiii

91 247 206 284 stolas
222 246 268 283 ad
287 242 464 282 Atticum
495 242 683 280 servatam
703 255 811 280 notat
832 242 999 282 Vinctus
1026 246 1072 282 ad
1092 245 1257 282 Ausonii

87 298 303 350 Idy11.V11.
322 296 414 349 Ejus
431 300 555 345 priora
573 297 842 348 duodeviginti
860 301 986 348 capita
1007 297 1146 336 Attico
1165 304 1256 337 vivo

90 362 208 402 Nepos
226 352 344 391 edidit
362 375 375 397 ,
403 363 525 389 cetera
545 349 624 401 post
648 353 727 402 ejus
745 351 895 389 obitum
928 351 1123 403 subjunxit
1142 380 1150 388 .
1180 352 1260 390 Ca-

92 412 173 459 pite
190 404 342 444 XVIII.
363 403 499 455 scripta
520 404 647 442 Attici
666 418 960 450 commemorat,
978 408 1024 443 de
1041 407 1178 458 quibus
1202 410 1238 443 vi
1252 429 1270 436 -

91 462 138 499 de
155 461 176 498 fi
194 460 318 512 placet
334 471 412 510 quat
428 459 480 495 ibi
499 471 733 495 annotarunt
770 461 843 496 viri
862 460 964 497 doch
983 484 995 506 ,
1026 460 1123 497 nihil
1157 465 1258 498 enim

88 528 218 554 eorum
236 525 384 550 :etatem
402 511 494 549 tulit
507 535 520 557 ,
538 512 628 549 licet
647 512 693 548 ad
711 526 780 549 nos
798 513 1010 563 pervcniss'e
1031 527 1109 564 quae
1127 515 1173 551 de
1189 514 1263 551 ffi-

89 568 212 606 miliis
231 567 426 605 Romanis
445 589 458 612 ,
488 579 566 617 qux
582 567 628 603 de
653 565 948 618 Magistratibus
966 566 1163 619 scripserat
1182 568 1259 606 At-

89 625 188 660 ticus
206 644 220 666 ,
248 624 365 658 etiam
381 631 497 671 atque
512 623 629 657 etiam
647 632 726 658 erat
743 621 955 672 optandum
975 649 982 657 .

140 673 211 711 ΙΙΙ.
231 669 432 710 AEmilium
448 673 598 710 Probum
610 698 623 720 ,
639 674 686 710 ad
704 687 817 725 quem
835 675 957 712 veluti
974 674 1164 712 aufflrem
1186 675 1257 713 Vi-

86 740 146 766 tas
162 727 440 779 Imperatorum
459 731 571 765 variae
587 729 778 766 editiones
795 728 897 766 male
930 728 1099 767 referunt
1119 754 1131 775 ‚
1161 745 1259 768 con-

86 781 158 820 stat
177 782 314 820 vixisse
331 781 396 819 sub
415 779 626 818 Theodofio
642 780 876 832 Imperatore
905 783 986 831 (c)
1015 786 1076 821 cui
1109 787 1262 832 Nepotis

86 835 271 874 volumen
289 834 350 873 sua
368 836 403 872 ὃ(
419 837 484 872 avi
503 833 685 885 scriptum
702 848 744 872 ac
763 835 1000 883 rcccnfitum,
1025 840 1160 874 matris
1177 834 1258 875 sna-

87 904 138 926 nu
154 902 332 926 ornatum
349 888 448 926 forte
464 889 499 924 8(
528 889 744 938 expolitum
763 911 776 934 ,
807 890 950 927 obtulit
969 914 981 935 ‚
1012 903 1053 927 ut
1071 892 1255 942 colligere

85 944 179 980 licet
195 956 241 980 ex
258 942 346 992 ipfis
363 942 449 980 illis
467 941 630 978 verfibus
659 945 822 992 antiquo
838 941 977 979 Codici
1008 943 1171 993 praefixis
1195 968 1207 989 ,
1238 959 1257 982 e

84 996 222 1047 quibus
252 995 418 1034 Probum
448 994 640 1032 audorem
673 995 806 1032 harum
837 997 1004 1033 vitarum
1035 995 1158 1034 facere
1182 1000 1256 1035 viri

84 1049 186 1086 dot'h
205 1049 409 1087 voluerunt
427 1063 434 1086 :

84 1102 179 1142 Vnde
207 1102 291 1139 liber
318 1102 426 1150 noster
442 1125 455 1147 ,
475 1100 564 1149 fato
590 1101 728 1138 meliore
755 1114 920 1139 memento
939 1118 951 1139 .·

137 1162 229 1194 Cum
254 1155 340 1205 leget
365 1156 435 1193 haec
461 1155 622 1192 dominus
640 1181 653 1202 ,
682 1165 717 1192 te
735 1157 834 1207 sbiat
861 1158 924 1205 eff}
950 1171 1060 1194 meum
1079 1185 1088 1194 .

85 1217 145 1248 Ne
171 1213 298 1247 timeas
317 1209 428 1258 fulvo
445 1208 591 1256 firmos
617 1209 820 1246 diademate
845 1214 958 1247 crines
977 1236 989 1258 ,

140 1263 308 1312 Ridentes
334 1262 499 1300 blandum
526 1262 586 1299 vel
604 1267 744 1312 pietate
770 1264 887 1301 oculos
905 1293 914 1301 .

82 1320 286 1356 communis
313 1317 451 1355 cunllis
473 1340 486 1363 ,
514 1315 682 1353 bominem
701 1318 740 1367 β’
766 1331 869 1366 regna
896 1329 1009 1355 tenere

137 1370 207 1409 Sed
230 1374 422 1418 meminit3
452 1373 571 1408 vincit
597 1370 678 1408 hinc
705 1375 816 1421 magis
845 1371 906 1408 ille
932 1372 1085 1410 homines
1102 1400 1112 1409 .

87 1433 265 1465 ornentur
284 1424 422 1472 steriles
440 1439 454 1461 .·
472 1423 607 1472 facilis
635 1424 775 1462 tellum
803 1424 914 1463 libelli
936 1454 944 1462 .

138 1478 324 1526 Theodofio
359 1480 404 1522 (9·
429 1477 541 1515 donis
569 1482 728 1516 carmina
755 1478 852 1516 nuda
874 1479 1018 1529 placent
1035 1509 1043 1517 .

87 1536 132 1571 Si
159 1544 255 1581 rogat
282 1532 457 1570 uallarem
472 1556 486 1578 ,
510 1532 695 1582 paulatim
721 1532 836 1581 detege
863 1534 1015 1582 nostrum

140 1593 244 1623 Tunc
270 1585 408 1624 domino
435 1599 577 1624 nomen:
606 1601 658 1623 me
677 1587 776 1636 fiiat
803 1588 866 1635 effe
895 1587 1046 1625 Probum
1061 1617 1070 1625 .

84 1645 233 1689 Corpore
262 1644 300 1676 in
327 1640 387 1677 buc
413 1653 537 1677 manus
563 1641 611 1689 est
631 1644 822 1689 genitricis
840 1665 852 1687 ,
881 1645 1014 1690 avique
1030 1667 1042 1690 ‚
1058 1655 1230 1691 meaque5

138 1693 273 1731 Felices
291 1718 304 1740 ,
332 1694 466 1731 domini
492 1707 568 1742 quae
594 1708 745 1732 meruere
770 1709 897 1732 manus
914 1723 923 1732 .

818 1749 841 1787 b
895 1763 920 1793 4
1135 1748 1208 1788 IV.

138 1861 253 1896 Dione
267 1882 281 1904 ,
310 1868 354 1894 ut
374 1857 482 1904 Voffi'o
509 1860 620 1894 etiam
645 1857 928 1908 animadversum
952 1887 960 1895 .
993 1862 1116 1898 Vitam
1132 1861 1261 1897 Attici

126 1913 324 1962 separatim
349 1925 429 1948 cum
456 1914 552 1948 notis
577 1936 590 1958 ‚
611 1912 775 1960 gloff'ario
794 1913 838 1955 (ς
864 1912 1114 1950 nomenclatore
1142 1912 1259 1950 edidit

136 1968 317 2003 Henricus
337 1966 499 2013 firnstius
516 1965 627 2013 Amst.
650 1968 758 2011 1658.
780 1968 813 2004 8.

80 2019 99 2071 (
116 2034 135 2058 c
151 2022 167 2070 )
197 2019 368 2069 Diversus
395 2019 440 2057 ab
458 2015 620 2057 AEmilio
635 2019 745 2057 Probo
759 2020 805 2063 ὃ
823 2022 952 2067 junior
974 2020 1020 2067 est
1038 2019 1172 2057 Probus
1202 2023 1260 2057 vir

138 2072 264 2110 donus
278 2074 322 2116 (φ’
337 2072 490 2124 illustris
503 2073 547 2112 de
561 2086 630 2122 quo
656 2073 866 2115 Sir-mondus
893 2073 943 2113 ad
956 2073 1112 2112 Ennodii
1141 2073 1200 2111 lib.
1221 2088 1254 2121 7.

140 2127 250 2176 Epist.
270 2140 333 2175 27.
