1714 2719
291 172 749 217 DATAMES.
835 170 975 210 XIV.
1122 174 1169 208 61

69 262 202 314 nsque
218 263 358 299 vitavit
377 286 387 296 .
417 258 520 296 Sicut
536 269 620 294 cum
651 256 872 292 nuntiatum
891 251 980 290 essct
999 276 1011 297 ,
1041 251 1226 303 quosdam

71 318 138 357 sibi
154 314 320 353 insidiari
337 335 350 358 ‚
380 314 443 363 qui
463 314 500 348 in
517 312 726 346 amicorum
743 319 850 345 erant
868 320 1026 343 numero
1041 333 1049 341 .
1079 306 1126 344 de
1142 310 1227 358 qui-

73 371 142 409 bus
157 368 255 421 quod
282 367 429 404 inimici
446 363 663 401 detulerant
681 385 694 407 ,
724 375 846 411 neque
873 360 1099 398 credendum
1118 383 1131 405 ,
1161 375 1228 398 nc-

103 437 146 461 ue
178 421 278 472 negl'
307 419 443 456 endum
474 418 653 468 putavit:
686 416 849 465 experiri
877 413 1001 451 voluit
1018 436 1032 458 ‚
1063 427 1191 451 verum
1210 438 1225 459 ‚

73 439 262 515 llalsumne
293 472 344 509 ibi
360 470 450 509 ess'et
466 471 629 508 relatum
648 496 656 504 .
687 467 822 518 ltaque
837 481 881 504 eo
896 465 1086 517 profi-:cius
1104 466 1154 504 est
1184 470 1224 504 in

74 544 150 582 quo
165 530 299 566 itinere
315 524 461 562 suturas
478 523 631 561 insidias
651 521 710 558 illi
727 523 916 559 dixerant.
935 519 995 557 scd
1014 520 1131 571 clegit
1143 535 1228 557 cor-

74 595 165 635 pore
179 581 212 618 δι
230 577 366 617 statura
398 577 634 615 simillimum
665 573 720 612 sui
737 598 750 620 ,
779 577 891 625 eique
909 573 1084 611 vestitum
1119 572 1224 611 suum

73 635 177 673 dedit
194 656 208 679 ‚
238 644 353 682 atquc
369 631 503 668 coloci
522 635 574 669 ire
605 643 679 681 quo
695 627 774 678 ipsc
789 627 1035 666 consueverat
1052 651 1065 671 ‚
1093 627 1193 677 jussit
1209 655 1219 663 .

74 691 86 726 i
118 686 153 725 se
167 697 295 724 autem
311 697 467 722 ornatus
486 684 621 722 vestitu
639 682 802 719 militari
834 685 933 719 inter
961 682 1133 729 corporis
1162 696 1229 718 cu-

72 702 195 780 Kodes
212 743 283 776 iter
297 736 421 776 facere
435 741 548 788 coepit
566 766 573 774 .
606 736 661 774 At
678 734 915 773 insidiatores
932 758 944 779 ‚
969 733 1166 784 postquam
1185 737 1226 772 in

75 807 161 833 eum
178 793 302 829 locum
326 805 460 842 agmen
479 793 654 841 pervenit
670 813 683 835 ,
712 789 860 839 decepti
878 789 1011 826 ordine
1030 798 1145 838 atque
1163 802 1230 826 vc-

79 847 167 885 ssitu
192 870 206 891 ,
235 848 274 882 in
289 858 373 882 eum
406 843 553 882 faciunt
585 847 769 894 impetum
787 844 852 893 qui
882 840 1091 891 suppositus
1120 854 1202 879 erat
1216 867 1233 879 .

78 900 304 938 Praedixerat
320 910 446 934 autem
462 898 520 934 his
536 896 726 935 Datames
754 909 837 933 cum
856 896 992 945 quibus
1008 897 1082 931 iter
1111 894 1235 933 facie·-

78 953 143 991 bat
160 976 173 998 ‚
190 964 230 989 ut
249 953 368 1001 parati
387 950 503 987 essent
520 949 642 987 facere
658 949 757 1000 quod
775 947 896 998 ipsum
915 947 1096 986 vidissent
1113 976 1122 984 .
1145 947 1231 999 Ipse

77 1018 117 1043 ut
133 1016 395 1042 concurrentes
412 1003 647 1040 insidiatores
665 1002 942 1039 animadvertit
960 1024 973 1046 ,
1002 1001 1078 1037 tela
1109 1004 1146 1038 in
1164 1013 1237 1039 eos

75 1059 237 1110 conjecit
253 1083 262 1092 .
292 1053 381 1093 Hoc
397 1056 494 1093 idem
512 1070 596 1093 cum
612 1053 775 1092 universi
791 1053 965 1092 seciffent
979 1078 990 1099 ‚
1009 1054 1231 1106 priusquam

79 1113 319 1162 pervenirent
350 1110 396 1147 ad
425 1123 508 1147 eum
527 1123 639 1161 quem
668 1108 823 1161 aggredi
849 1107 1031 1146 volebant
1043 1133 1056 1155 ‚
1086 1108 1235 1148 confixi

77 1165 290 1203 ceciderunt
308 1190 317 1198 .
1065 1190 1068 1194 .

133 1216 184 1254 X.
215 1215 295 1252 Hic
311 1227 437 1254 tamen
469 1228 547 1254 tam
577 1216 742 1254 callidus
771 1217 832 1255 vir
859 1227 1030 1254 extremo
1059 1227 1239 1267 tempore

78 1283 210 1321 captus
227 1269 278 1306 cst
309 1269 555 1307 Mithridatis
570 1269 846 1308 Ariobarzanis
863 1269 936 1306 filii
961 1270 1051 1307 dolo
1068 1298 1076 1306 .
1107 1270 1238 1309 Nam-

77 1337 150 1376 que
167 1326 197 1360 is
214 1323 412 1373 pollicitus
428 1323 478 1360 est
494 1325 570 1375 regi
588 1347 601 1369 ‚
631 1323 667 1360 se
682 1337 767 1361 eum
794 1321 1080 1361 interfeEiurum
1099 1349 1112 1372 ,
1141 1325 1165 1362 si
1195 1325 1237 1361 εἰ

78 1390 142 1416 tex
159 1379 399 1427 promitteret
415 1401 428 1422 ,
456 1390 498 1414 ut
515 1377 778 1428 quodcumque
793 1377 913 1415 vellet
931 1401 944 1423 ,
960 1377 1091 1416 liceret
1110 1382 1240 1429 impu-

80 1445 128 1468 ne
142 1430 289 1467 facere:
319 1430 506 1482 fidemque
521 1432 567 1468 de
582 1445 622 1468 ea
640 1445 678 1468 re
695 1455 707 1477 ,
737 1445 841 1468 more
856 1429 962 1468 Persa
971 1445 1050 1469 rum
1069 1456 1081 1477 ,
1098 1433 1236 1470 dextra

81 1482 240 1521 dedisset
258 1511 266 1519 .
297 1481 411 1521 Hanc
440 1496 482 1522 ut
497 1487 642 1535 accepit
659 1509 672 1531 ,
700 1484 853 1522 simulat
884 1483 920 1520 se
935 1483 1130 1534 suscepisse
1146 1499 1239 1524 cum

84 1551 168 1589 rege
199 1539 450 1575 inimicitias:
480 1541 607 1588 copias
622 1550 730 1589 parat
749 1563 761 1584 ‚
791 1539 826 1575 ὃ(
855 1537 989 1576 absens
1017 1542 1242 1577 amicitiam

84 1605 167 1628 cum
185 1588 353 1628 Datame
369 1589 462 1628 facit
480 1615 493 1638 ,
522 1595 618 1643 regis
647 1594 887 1642 provinciam
904 1604 1020 1630 vexat
1037 1617 1050 1639 ,
1079 1592 1234 1631 castella

82 1655 276 1695 expugnat
292 1669 305 1691 ,
333 1658 488 1696 magnas
503 1646 644 1696 praedas
659 1649 787 1697 capit:
820 1659 978 1697 quarum
996 1659 1142 1697 partem
1160 1645 1237 1684 suis

83 1697 276 1748 dispertit,
293 1711 438 1749 partem
455 1699 502 1736 ad
518 1697 710 1737 Datamen
729 1702 875 1737 mittit.
904 1703 986 1750 pari
1002 1701 1117 1739 modo
1132 1715 1239 1738 com-

83 1751 191 1802 plura
209 1751 360 1790 castella
379 1753 414 1788 ei
431 1753 546 1790 tradit
565 1780 572 1787 .
593 1750 685 1791 Haec
701 1753 765 1790 diu
782 1753 958 1791 iaciendo
974 1753 1151 1804 persuasit
1168 1755 1240 1792 ho-

84 1808 181 1842 mini
209 1804 246 1842 se
275 1805 470 1842 infinitum
500 1806 676 1844 adversus
701 1820 824 1858 regem
842 1806 1038 1857 suscepisse
1054 1808 1198 1845 bellum
1220 1833 1237 1856 ‚

84 1872 169 1896 cum
186 1858 310 1896 nihilo
325 1861 446 1910 magis
463 1883 476 1904 ‚
495 1874 553 1896 -ne
569 1874 683 1911 quam
698 1859 949 1911 suspicionem
967 1860 1030 1898 illi
1055 1862 1238 1912 praeberct

85 1911 301 1949 insidiarum
319 1937 332 1959 ,
361 1927 483 1963 neque
498 1913 734 1965 colloquium
750 1915 830 1966 ejus
859 1916 999 1965 petivit
1017 1938 1030 1960 ‚
1059 1929 1182 1966 neque
1198 1918 1238 1953 in

84 1963 323 2017 conspeRum
341 1968 471 2004 venire
501 1966 641 2005 studuit
658 1995 667 2003 .
697 1968 757 2005 Sic
779 1966 914 2005 absens
943 1971 1158 2006 amicitiam
1174 1984 1240 2021 ge-

84 2018 190 2056 rebat
207 2042 220 2065 3
249 2031 291 2057 ut
310 2035 384 2058 non
418 2019 612 2058 beneficiis
643 2024 787 2059 mutuis
804 2045 818 2067 ,
847 2020 909 2058 sed
939 2022 1028 2059 odio
1041 2026 1237 2060 communi

87 2073 186 2123 quod
214 2086 300 2128 erga
331 2087 456 2127 regem
486 2072 723 2128 susceperant
739 2098 754 2122 ³
782 2077 973 2115 contineri
989 2075 1210 2114 viderentur
1225 2103 1238 2115 .

1147 2128 1190 2168 Id
