1714 2719
479 130 571 163 xxiv
714 123 1326 165 TESTIMONIA.

484 208 555 245 IV.
578 207 806 245 Prodierunt
824 206 924 245 Vitae
941 207 1029 260 Nep
1033 211 1107 246 otis
1128 208 1193 246 sub
1210 207 1378 246 :AEmilii
1395 208 1508 248 Probi
1526 225 1597 250 no-

430 266 571 307 mine„
591 259 624 298 V
628 264 764 298 enetiis
782 260 832 298 A.
844 275 909 306 147
922 275 952 297 1.
959 224 1029 298 solp-
1046 263 1146 312 apud
1162 261 1373 299 Nicolaum
1391 262 1540 311 Jenson.
1559 289 1593 310 „

434 340 465 362 „
484 315 625 352 ibidem
644 338 675 360 „
700 328 807 362 1473.
819 313 887 352 fol.
910 329 981 366 qua
999 316 1168 352 editione
1184 314 1290 352 usum
1308 315 1344 353 se
1360 315 1518 354 testatur
1533 317 1595 367 Jo-

433 383 552 407 annes
572 369 713 406 savaro
730 395 738 403 .

487 421 582 459 Inde
600 421 740 458 Parinae
756 449 766 457 .
796 420 848 459 A.
877 423 985 464 1480.

486 475 688 512 Venetiis
680 487 843 512 iterum.
880 488 987 523 1499.
1297 500 1301 503 -

490 553 520 575 „
538 531 683 582 Quarta
703 552 735 573 „
752 527 901 565 Veneta
917 529 1053 573 editio,
1071 527 1218 566 Aldina
1241 538 1347 573 1522.
1355 529 1388 566 3.
1409 552 1440 574 ,,
1461 531 1500 566 in
1518 528 1600 567 cal-

438 598 478 621 ce
497 607 527 628 „
543 581 676 632 Jussini
695 581 951 627 historiarum,
968 582 1090 619 eidem
1108 583 1291 620 Savaroni
1308 606 1320 628 ‚
1338 583 1495 633 perinde
1511 595 1552 620 ut
1566 606 1599 630 5,

439 650 474 674 2.
494 637 528 672 ὅ(
552 649 581 682 3.
602 659 633 680 ,3
650 634 805 672 Venetae
824 659 836 679 ‚
866 634 1060 685 inspecia.

493 687 602 726 Hinc
619 688 741 725 lucem
762 689 860 724 vidit
875 687 1050 724 Coloniae
1066 688 1166 736 apud
1185 686 1425 736 Gymnicum
1447 691 1597 737 1543.8.

439 756 525 780 cum
542 740 695 778 scholiis
712 740 857 786 Gyberti
873 739 1034 787 Longolii
1051 764 1063 785 ,
1091 754 1168 789 quae
1186 740 1308 777 recusa
1325 745 1441 778 etiam
1457 742 1569 780 sunt
1561 757 1603 780 m

442 796 612 832 editione
631 792 754 844 Lugd.
774 792 974 835 Eat-1642.
986 805 1041 829 12.
1060 794 1120 829 &
1112 807 1149 829 111
1168 791 1601 833 Francofurt.1608.fol.

494 846 645 884 Parisiis
663 860 812 897 quoque
828 847 964 883 edente
981 843 1153 883 Henrico
1170 847 1360 897 Stephano
1380 850 1488 892 1560.
1504 850 1537 886 8.
1553 849 1604 887 ad

439 901 584 940 calcem
606 903 772 937 vitarum
790 899 987 937 Plutarchi
1006 913 1049 937 cx
1070 899 1236 937 versione
1265 898 1486 938 Hermanni
1502 902 1605 940 Cru-

438 955 527 994 serii
539 982 551 990 .

494 1007 642 1045 Basileae
663 1020 677 1043 1
689 1010 771 1054 563.
791 1021 875 1044 cum
893 1009 1102 1054 Hieronymi
1117 1009 1235 1053 Magia·
1258 1007 1575 1045 annotationibus
1592 1034 1602 1044 .

494 1060 647 1098 Parisiis
664 1074 708 1098 ex
740 1061 1009 1099 emendatione
1024 1061 1183 1107 Dionysii
1197 1060 1363 1096 Lambini
1378 1074 1463 1098 cum
1480 1061 1606 1097 erudi-

444 1118 495 1153 tis
512 1116 591 1165 ejus
608 1117 894 1151 commentariis
912 1141 920 1149 .
957 1117 1064 1162 1569.
1083 1127 1119 1156 4.
1138 1112 1200 1150 De
1216 1114 1347 1164 plagio
1363 1114 1467 1165 quod
1485 1112 1607 1150 Lam-

443 1170 536 1206 bino
565 1165 753 1204 Gifanius
786 1170 946 1218 impegit
975 1192 988 1213 ,
1018 1166 1270 1205 consulendus
1299 1166 1376 1216 Jac.
1411 1165 1608 1204 Thomasxi

440 1221 494 1263 ’τέ
519 1219 712 1271 μακαρίτκ
741 1220 839 1257 liber
856 1219 893 1272 §.
911 1221 1000 1262 448.

495 1274 555 1311 Ex
574 1273 786 1312 recenslone
801 1273 990 1311 Natbam's
1005 1273 1160 1320 chytraei
1177 1302 1185 1310 .
1218 1273 1330 1311 Bardi
1361 1273 1604 1312 Pomeranor.

447 1342 463 1365 1
474 1339 558 1376 594.
578 1329 612 1364 8.

495 1381 638 1418 Editus
654 1393 829 1431 praeterea
847 1387 964 1430 Nepos
993 1379 1144 1418 Parisiis
1166 1384 1272 1417 1602.
1305 1380 1425 1418 forma
1456 1383 1607 1419 minore

444 1449 531 1474 cum
546 1434 861 1485 castigationibus
877 1436 912 1472 ὃ(
941 1437 1042 1472 notis
1075 1436 1148 1470 viri
1165 1434 1266 1471 doffi
1299 1434 1364 1482 Jo.
1382 1437 1578 1470 Savaronis
1595 1460 1606 1469 .
1647 1430 1649 1432 ¹

445 1487 673 1539 „Ejusdem
695 1512 725 1533 9,
751 1489 787 1524 &
815 1488 984 1537 Gyberti
1014 1487 1199 1538 Longolii
1227 1500 1326 1524 notae
1356 1487 1609 1539 subjiciuntur

443 1540 603 1578 Cornelii
620 1543 770 1590 Nepotis
786 1541 950 1579 editioni
967 1555 1044 1592 quae
1061 1544 1210 1578 minore
1227 1540 1347 1578 forma
1366 1542 1490 1579 lucem
1507 1542 1608 1579 vidit

446 1594 570 1645 Lugd.
590 1593 673 1633 Bat.
693 1608 738 1632 ex
760 1596 908 1632 officina
925 1595 980 1645 Jo.
998 1595 1127 1632 Mane
1144 1594 1194 1631 A.
1218 1598 1327 1637 1642.

499 1647 676 1685 Francos.
700 1649 808 1685 1608.
841 1648 910 1686 fol.
928 1662 988 1698 ap.
1007 1648 1146 1685 Claud.
1179 1648 1380 1685 hlarnium
1402 1649 1437 1684 ὃ(
1453 1647 1608 1685 heredes

446 1701 492 1751 Jo
513 1702 655 1739 Aubrii
674 1726 686 1747 ,
716 1705 754 1738 in
773 1716 844 1752 qua
865 1701 1038 1752 praeclaro
1058 1703 1228 1738 editione
1258 1701 1338 1752 post
1368 1702 1508 1738 librum
1526 1701 1610 1738 Au-

444 1755 532 1792 relii
558 1755 731 1793 valoris
772 1756 818 1792 de
849 1759 942 1794 viris
972 1754 1183 1792 illustribus
1201 1779 1214 1800 ,
1252 1758 1526 1792 commentario
1556 1755 1607 1791 A.

444 1808 593 1846 Schotti
611 1807 826 1845 illustratui
815 1824 842 1845 11
861 1833 873 1854 ‚
904 1808 1132 1846 exhibentur
1146 1807 1302 1845 Cornelii
1316 1812 1470 1857 Nepotis
1494 1807 1612 1860 Frag-

443 1873 572 1899 menta
590 1862 638 1899 ab
656 1862 779 1899 Audi.
798 1863 954 1901 Schotto
972 1862 1130 1900 σοΙΙεξὶῑι
1149 1877 1234 1899 cum
1251 1864 1330 1912 ejus
1346 1865 1473 1900 notis:
1505 1861 1610 1899 Petri

443 1915 595 1952 Nannii
615 1916 856 1953 Alcmariani
875 1917 920 1954 de
936 1917 1051 1954 claris
1081 1915 1256 1952 Corneliis
1271 1916 1369 1953 liber
1388 1940 1401 1962 ‚
1432 1919 1512 1953 vita
1532 1917 1612 1952 Sci-

443 1971 572 2018 pionis
593 1967 810 2006 AEmiliani
828 1984 846 2006 a
869 1971 1023 2022 Sigonio
1041 1969 1178 2019 scripta
1196 1994 1209 2014 ,
1238 1970 1273 2006 ὃ(
1289 1981 1385 2007 notae
1402 1972 1554 2020 integrat
1569 1970 1610 2005 in

442 2020 644 2059 Cornelium
660 2028 832 2072 Nepotem
848 2022 912 2060 An
909 2002 1138 2061 d1·.Schotti
1151 2047 1164 2069 ,
1183 2022 1366 2062 Lambini
1379 2046 1393 2070 ,
1409 2022 1611 2072 Longolii,

1467 2075 1559 2114 Ma-
