1714 2719
360 145 973 186 TESTIMONIA.
1151 159 1201 183 xv

86 238 265 270 ornentur
283 227 422 276 steriles
441 241 454 264 .·
472 226 608 275 fitcilis
636 226 777 263 tellum
804 224 939 263 libelli.

134 283 320 330 Theodofio
354 283 399 325 ὼ·
425 280 539 319 doms
566 283 725 317 carmina
753 277 850 316 nuda
873 279 1016 329 placent
1032 308 1040 317 .

85 342 130 377 si
158 348 254 387 rogat
280 335 457 373 uallarem
473 359 486 380 ‚
512 334 695 384 paulatim
716 332 832 381 detege
857 334 1010 381 nostrum

139 399 242 430 Tunc
267 389 406 428 domino
433 403 576 426 nomen:
607 402 659 425 me
677 388 776 438 ftiat
803 387 866 435 effe
894 387 1045 425 Probum
1061 415 1069 423 .

83 451 229 495 Corpore
257 447 296 480 in
323 443 382 480 hoc
409 457 536 480 manus
563 443 610 491 est
630 444 820 491 genitricis
838 464 851 487 ,
879 444 1012 489 avique
1028 466 1041 489 ,
1056 455 1229 491 meaque3

133 497 267 537 Felices
285 522 298 545 ,
326 497 462 534 domim·
488 511 566 545 (μω
591 509 742 534 meruere
768 509 893 533 manus
909 523 919 533 .

86 604 167 644 Hic
184 620 273 658 ergo
290 605 354 644 suo
368 605 514 644 auElori
531 606 712 644 reddatur
728 630 741 651 ,
767 618 879 657 quem
897 604 962 643 sibi
979 602 1162 641 cornelius
1180 611 1259 643 Ne-

81 671 144 710 pos
160 659 257 711 justo
273 660 392 698 titulo
409 661 582 698 vindicat
599 684 613 706 ,
630 674 794 711 quemve
810 673 936 698 coaevo
951 658 1016 696 suo
1032 660 1067 696 &
1084 658 1257 697 familia-

87 716 118 751 ri
138 712 270 765 Pomp.
289 713 426 751 Attico
446 714 550 751 dedit
568 738 581 759 ‚
611 715 717 765 cujus
734 715 850 751 etiam
869 725 1002 765 rogatu
1021 737 1033 759 ‚
1055 716 1174 750 vitam
1193 713 1254 751 M.

83 767 250 806 Catonis
271 766 475 817 separatim
494 767 654 818 scripsit,
672 769 706 804 ὃ(
725 767 785 804 illi
804 765 1004 817 supersim,
1022 767 1258 818 elegantissi-

86 835 192 858 mam
209 820 374 871 ejusdem
393 824 480 858 vitae
513 820 828 858 consuetudinem
860 821 1052 872 elegantia
1071 823 1152 872 pari
1169 834 1260 871 pro-

88 874 237 912 secutus
255 873 305 911 cst
324 902 332 909 .
365 872 501 911 Praeter
519 875 697 912 chronica
717 899 731 920 ,
763 873 883 911 libros
898 874 1162 924 exemplorum
1180 898 1193 919 ,
1211 875 1258 912 de

87 930 181 965 viris
199 926 421 964 inlustribus
438 950 453 972 ,
483 929 518 963 δ(
535 928 581 964 de
599 930 678 964 vita
695 927 861 964 Catonis
878 950 891 972 ,
918 927 1059 964 librum
1079 927 1115 965 se
1132 930 1177 965 de
1197 928 1258 964 hi-

85 979 232 1017 storicis
261 978 405 1016 Graecis
426 978 683 1029 conscripsisse
713 979 873 1016 testatur
903 981 941 1015 in
973 979 1107 1018 Dione
1122 1003 1135 1026 ‚
1165 981 1180 1030 (
1210 980 1258 1018 fic

85 1037 187 1071 enim
205 1045 251 1070 ex
270 1031 383 1069 MSS.
403 1032 500 1069 bona
519 1031 593 1069 fide
618 1033 794 1084 supplevi
810 1032 826 1081 )
842 1044 958 1083 atque
986 1033 1154 1071 alterum
1175 1034 1258 1072 edi-

86 1088 144 1124 dit
162 1088 208 1124 de
226 1084 383 1123 Latinis
402 1085 608 1132 historicis,
626 1099 670 1124 ex
689 1100 764 1137 quo
780 1098 958 1136 excerpta
975 1086 1048 1124 effe
1063 1085 1262 1139 fragmen-

86 1153 124 1178 ta
144 1139 335 1177 Corneliae
352 1138 616 1178 Gracchorum
641 1142 777 1177 matris
795 1164 807 1185 ‚
835 1139 994 1177 Gisanii
1011 1141 1140 1178 codice
1170 1156 1261 1192 pro·-

91 1194 203 1231 batur
219 1219 228 1228 .
260 1193 374 1252 Qud
391 1194 439 1231 ad
469 1192 631 1231 Daretis
662 1193 821 1245 Phrygii
843 1192 1037 1231 historiam
1058 1218 1070 1240 ,
1101 1209 1214 1246 quam
1233 1210 1255 1232 a

85 1245 249 1283 Cornelio
263 1251 400 1296 Nepote
427 1248 552 1285 latine
577 1247 766 1285 redditam
785 1271 798 1293 ,
829 1246 1109 1286 volaterranus
1125 1250 1161 1286 δ(
1185 1249 1258 1286 alii

86 1300 327 1338 tradiderunt
344 1324 358 1346 ,
388 1300 578 1352 eleganti-a
599 1300 690 1351 styli
707 1304 836 1352 potius
857 1301 961 1339 duffl
980 1325 992 1347 ,
1022 1316 1136 1353 quam
1153 1315 1256 1345 certa

88 1357 237 1392 ratione
254 1377 268 1400 ,
295 1353 421 1404 dispar
437 1354 557 1404 stylus
583 1354 634 1392 est
653 1378 666 1401 ‚
696 1355 940 1392 &diffimilis
971 1358 1103 1407 genius
1121 1379 1134 1402 ,
1165 1357 1202 1394 ὅ(
1231 1355 1256 1394 fi

88 1408 180 1459 quid
199 1411 237 1444 in
255 1422 316 1446 me
330 1408 463 1459 judicii
481 1433 495 1453 ,
523 1408 708 1445 Cornelius
724 1414 842 1457 Nepos
861 1408 934 1446 illo
966 1412 1176 1460 interprete
1213 1422 1258 1448 ut

90 1464 202 1499 annis
221 1485 234 1507 ,
264 1461 312 1499 sic
327 1463 454 1500 nitore
469 1461 653 1501 sermonis
682 1464 798 1515 longe
828 1461 996 1514 superior
1015 1477 1027 1508 3
1060 1464 1159 1514 quod
1176 1463 1260 1501 col-

91 1516 182 1553 latis
199 1514 394 1567 utriusque
410 1515 561 1568 scriptis
579 1541 592 1563 ,
618 1516 734 1555 facile
752 1515 873 1568 potest
887 1517 1050 1568 judicari
1068 1544 1077 1553 .
1107 1516 1171 1555 De
1186 1518 1258 1556 hoc

90 1567 244 1607 πυξὶοῐε
261 1571 312 1606 ita
329 1569 425 1607 mihi
442 1570 567 1609 visum
583 1570 634 1609 est
651 1596 664 1618 ,
693 1570 801 1610 salvo
817 1583 886 1609 tuo
902 1594 915 1618 ‚
941 1572 1090 1609 erudite
1107 1571 1227 1610 lec’tot
1243 1593 1260 1618 ‚

86 1623 233 1673 judicio
250 1649 260 1658 .

91 1735 176 1772 Ger,
207 1728 372 1778 Joannes
400 1731 532 1778 Voffius
559 1732 583 1770 I.
607 1746 638 1770 1.
667 1732 710 1770 de
740 1733 881 1781 Histor.
907 1734 1060 1770 Latinis
1089 1747 1119 1771 c.
1160 1746 1257 1772 xxv.

141 1836 327 1874 Cornelius
360 1843 479 1888 Nepos
508 1841 544 1877 ἃ
572 1854 662 1880 ante
685 1840 844 1880 Caesaris
859 1840 1088 1880 &flaturam
1106 1865 1120 1888 ,
1149 1841 1186 1879 ὅ(
1213 1855 1260 1880 eo

92 1889 311 1937 diffinere,
340 1893 376 1929 ὃ(
407 1893 532 1943 postea
551 1898 677 1934 vixit.
709 1893 975 1945 Hieronymus
1007 1899 1044 1933 in
1077 1897 1259 1934 chronico

91 1941 309 1982 Eusebiano
325 1945 441 1984 refert
473 1948 586 1986 illum
615 1950 663 1987 ad
691 1963 838 1987 annum
854 1948 1018 2001 Augusti
1049 1961 1227 2001 quartum
1245 1975 1256 1986 .

90 1995 175 2035 Nec
191 2001 369 2050 cuiquam
384 2014 592 2053 repugnem
622 2003 826 2055 colligenti
843 2003 932 2040 inde
949 2028 962 2050 ,
1003 2016 1083 2041 tum
1101 2003 1259 2040 demum

93 2049 296 2106 divulgare
311 2067 354 2093 ea
385 2055 537 2108 coepiffe
572 2070 686 2109 opera
715 2057 852 2109 quibus
867 2060 1037 2100 maxime
1053 2058 1261 2149 incllpruit.

1140 2111 1205 2151 adi
