1714 2719
229 144 278 185 Τ.
309 142 743 185 POMPONIUS
771 143 1122 183 ATTICUS.
1158 159 1230 193 ¹¹3

115 226 323 276 adoptavit
339 237 424 261 eum
443 246 456 268 ,
474 222 727 274 hetedcmque
743 222 835 260 fecit
853 236 896 260 ex
915 224 1103 262 dodrante
1119 253 1128 261 .
1145 237 1191 262 ex
1210 239 1281 276 qua

118 280 334 317 hereditate
349 279 496 326 accepit
513 277 666 313 circiter
681 279 825 314 centies
845 274 955 318 LLS,
975 276 1068 315 Erat
1087 291 1205 328 nupta
1225 278 1284 315 so-

116 347 180 371 ror
198 333 326 370 Attici
342 333 401 393 Q
414 330 549 368 Tullio
564 328 746 368 Ciceroni
765 343 777 374 3
808 329 944 380 easque
962 335 1116 381 nuptias
1134 331 1194 368 M.
1212 331 1283 369 Ci-

117 401 205 425 cero
220 384 552 427 concili-araneum
564 397 639 433 quo
655 397 674 420 a
692 382 999 434 condiscipulatu
1020 385 1175 422 vivebat
1193 400 1285 423 con-

117 440 345 492 junfliilime
362 462 375 481 ‚
393 438 518 475 multo
534 441 652 474 etiam
672 436 905 474 familiarius
922 451 1036 489 quam
1053 453 1137 475 cuni
1155 440 1284 488 Quin-

118 506 159 531 to
178 507 190 538 3
221 505 262 530 ut
277 494 439 543 judisti
456 490 563 541 possit
584 515 596 535 ,
615 491 700 542 plus
717 494 756 528 in
772 492 942 528 amicitia
963 492 1090 528 valere
1106 492 1287 530 similitu-

119 547 251 584 dinem
269 559 416 583 morum
436 559 548 596 quam
566 547 794 582 affinitatem
815 573 821 579 .
855 543 1049 583 Utebatur
1063 558 1192 583 autem
1226 550 1287 583 in-

119 603 216 637 time
247 601 306 661 Q
320 597 528 637 Hortensio
546 623 558 644 ‚
590 602 654 650 qui
681 602 728 636 iis
758 598 996 649 temporibus
1027 602 1285 650 principatum

116 654 350 704 eloquentia·v
370 653 523 691 truc-bat
542 677 555 697 ‚
574 666 615 690 ut
635 652 804 690 intellioi
824 667 898 690 non
918 652 1036 703 posset
1055 676 1070 698 ‚
1099 666 1181 691 uter
1197 669 1282 691 eum

118 708 207 758 plus
223 708 435 758 diligeret,
464 706 603 745 Cicero
620 731 632 752 ‚
662 721 710 744 an
787 706 970 744 ortensius
988 734 995 741 .
1029 707 1117 743 &id
1137 731 1150 752 ‚
1181 709 1282 758 quod

115 775 178 799 era
215 761 518 806 difficillimum,
548 761 734 798 efficiebat
751 784 764 805 ,
784 774 821 797 ut
841 764 940 797 inter
957 774 1050 811 quos
1068 773 1181 798 tantae
1200 762 1285 799 lau-

115 814 175 852 dis
193 815 283 852 elset
301 815 493 851 xmulatio
511 838 523 858 ,
555 815 661 850 nulla
683 815 932 852 intercederet
950 813 1180 852 obtrec'tatio
1197 841 1210 862 ,
1227 815 1284 853 es-

115 867 248 919 setque
266 869 403 906 talium
425 872 594 905 virorum
611 868 746 917 copula
766 895 775 902 .

170 920 239 959 vl.
271 920 314 958 ln
334 922 527 972 republica
547 924 598 957 ita
617 920 667 958 est
688 920 882 966 versatus,
901 934 940 958 ut
960 919 1103 972 semper
1119 924 1288 972 optima-

114 988 196 1012 rum
216 978 381 1025 partium
400 977 433 1011 &z
451 973 541 1011 ess'ct
561 998 573 1019 ,
605 975 640 1010 ὅ(
657 973 939 1012 existimaretur
961 989 968 1018 3
1001 989 1124 1026 neque
1153 986 1282 1013 tamen

115 1028 151 1066 se
168 1030 350 1066 civilibus
367 1028 543 1066 fluetibus
560 1032 820 1066 committeret
837 1042 848 1072 3
867 1029 967 1078 quod
985 1043 1060 1066 non
1079 1032 1201 1080 magis
1217 1043 1282 1067 eos

117 1085 156 1119 in
175 1081 235 1119 sua
269 1082 454 1134 potestate
483 1079 729 1119 existimabat
747 1081 820 1119 else
846 1085 911 1171 <Hi
944 1080 1044 1119 sciis
1061 1082 1247 1120 dedissent
1268 1107 1281 1129 ,

117 1150 232 1187 quam
250 1139 315 1188 qui
333 1139 542 1173 maritimis
558 1135 792 1186 jael-arentur
809 1162 817 1170 .
897 1149 1032 1172 onores
1050 1150 1125 1172 non
1142 1139 1258 1186 petiit
1272 1161 1286 1183 ,

116 1203 202 1227 cum
219 1194 254 1227 ei
272 1202 446 1239 paterent
463 1202 617 1240 propter
635 1189 694 1225 vel
713 1190 881 1239 gratiam
897 1212 910 1234 ,
941 1190 1003 1226 vel
1022 1189 1253 1240 dignitatem
1273 1205 1286 1234 ς

117 1245 218 1294 quod
237 1257 358 1293 neque
376 1245 454 1292 peti
483 1255 589 1279 more
619 1243 808 1291 majorum
825 1265 838 1285 ,
868 1255 991 1291 neque
1020 1244 1106 1291 capi
1138 1242 1288 1292 possent

116 1296 353 1334 conservatis
371 1295 519 1347 legibus
537 1319 549 1340 ,
581 1298 619 1331 in
638 1307 718 1331 tam
736 1294 857 1333 effufis
873 1295 1042 1333 ambitus
1070 1297 1290 1347 largitioni-

117 1350 186 1389 bus
207 1365 218 1395 ς
243 1359 364 1402 n‘eque
380 1364 399 1387 e
417 1349 610 1400 republica
631 1348 705 1386 sine
722 1349 894 1399 periculo
910 1372 923 1394 ,
941 1352 1130 1400 corruptis
1148 1354 1290 1389 civita-

117 1407 169 1442 tis
185 1405 353 1442 moribus
371 1431 379 1439 .
411 1404 474 1441 Ad
494 1402 637 1440 hastam
655 1403 851 1453 publicam
868 1417 1080 1453 numquam
1109 1405 1255 1442 acceffit
1273 1433 1282 1441 .

119 1456 281 1496 Nullius
299 1460 351 1495 rei
369 1471 490 1508 neque
508 1471 614 1508 praes,
632 1470 754 1507 neque
771 1469 950 1507 manceps
967 1456 1089 1494 fac‘lus
1107 1457 1158 1494 est
1177 1485 1184 1493 .
1205 1457 1288 1497 Ne-

117 1515 263 1550 minem
281 1525 403 1564 neque
419 1511 483 1548 suo
499 1513 656 1548 nomine
673 1535 686 1555 ,
705 1524 825 1561 neque
843 1509 1077 1548 subscribens
1095 1535 1108 1556 ,
1134 1512 1287 1549 accusa-

122 1568 178 1603 vit
195 1593 203 1601 .
235 1564 281 1603 In
297 1568 356 1617 jus
375 1566 421 1603 de
443 1564 503 1602 sua
523 1579 561 1602 re
577 1578 786 1615 numquam
818 1567 863 1601 iit
882 1580 888 1600 :
920 1565 1104 1615 judicium
1131 1566 1283 1603 nullum

117 1619 275 1657 habuit.
296 1620 518 1656 hiultorum
534 1617 733 1656 consulum
750 1630 1028 1669 praetorumque
1044 1618 1285 1668 praefeciuras

117 1673 267 1711 delatas
285 1673 331 1710 sic
347 1677 493 1723 accepit
510 1696 523 1718 ,
553 1685 595 1710 ut
625 1676 819 1710 neminem
837 1675 875 1708 in
909 1674 1152 1722 provinciam
1170 1672 1211 1710 sit
1231 1672 1286 1711 se-

117 1739 228 1764 cutus
245 1751 257 1773 ,
276 1728 416 1765 honore
433 1726 548 1764 fuerit
564 1739 767 1765 contentus
781 1750 794 1771 ,
812 1729 866 1763 rei
882 1724 1090 1762 familiaris
1106 1725 1287 1777 despexe·

118 1783 168 1817 rit
187 1779 352 1818 frutetum
371 1794 378 1816 :
411 1783 474 1832 qui
492 1795 539 1818 ne
555 1795 640 1818 cum
658 1783 709 1837 Q.
728 1781 881 1831 quidem
910 1779 1100 1817 Cicerone
1117 1781 1284 1818 voluerit

118 1836 174 1872 ire
191 1837 232 1873 in
250 1834 399 1881 Asiam,
412 1849 498 1872 cum
514 1835 615 1887 apud
631 1849 716 1872 eum
733 1836 850 1886 legati
867 1835 995 1871 locum
1011 1833 1185 1871 obtinere
1201 1835 1286 1885 pos-

119 1887 172 1926 set
190 1915 199 1924 .
230 1887 323 1926 Non
341 1893 443 1926 enim
461 1889 592 1927 decere
608 1887 644 1926 se
662 1888 921 1926 arbitrabatur
939 1911 952 1932 ‚
980 1901 1065 1924 cum
1083 1901 1284 1938 praeturam

118 1956 248 1994 gerere
263 1941 444 1980 noluiffet
460 1967 473 1988 ‚
490 1941 668 1981 affeclam
684 1942 758 1981 effe
774 1945 943 1992 praetoris
961 1968 969 1976 .
988 1943 1075 1993 Qua
1095 1945 1133 1978 in
1151 1956 1190 1979 re
1204 1957 1281 1980 non

119 1996 244 2034 solum
262 1997 448 2048 dignitati
466 1995 737 2043 serviebat‚sed
753 1999 870 2034 etiam
887 1995 1188 2045 tranquillitati,
1200 2011 1286 2034 cum

122 2047 352 2103 suspiciones
370 2063 521 2104 quoque
552 2054 694 2090 vitaret
726 2052 951 2090 criminum.
981 2052 1071 2114 (ξω
1101 2049 1215 2088 fiebat
1246 2065 1288 2088 ut

822 2101 866 2142 H
1161 2105 1240 2155 ejus

0 2298 379 2719 h*
391 2698 1714 2719 *ww
