1714 2719
1112 155 1178 190 xxi

234 239 606 315 JOANle
681 234 1063 289 ALBERTI

160 367 205 433 F
297 366 353 430 A
443 364 488 427 B
578 361 636 426 R
732 359 760 422 I
848 357 906 422 C
997 357 1023 420 I
1117 357 1145 420 I

197 497 734 544 BIBLIOTHECAE
787 495 1103 536 LATINAE

364 585 644 620 CAPUT
701 581 779 617 VJ.
846 584 939 614 DE

100 662 684 733 CORNELIO
745 656 1201 736 NEPOTE‚

121 805 223 844 Cum
252 806 529 856 Supplcmcnto
558 801 723 853 ejusdem
756 800 832 838 suis
863 799 1183 850 locisdispofito.

286 859 484 897 Accedunt
519 857 841 906 interpolationes
871 855 1040 906 quaednm

412 909 668 948 commatibus
697 907 880 945 distinehz
898 935 906 943 .

66 991 226 1030 Cornelii
256 993 407 1040 Nepotis
422 1001 510 1026 aetas
527 1018 535 1026 .
574 1004 602 1026 1.
634 993 729 1027 Vite
757 1003 834 1036 quae
861 991 999 1037 exstant
1016 1019 1025 1026 .
1057 1003 1092 1028 2.
1111 997 1244 1026 Earum

121 1045 245 1083 aua‘lor
272 1044 430 1092 diver-sits
458 1043 502 1079 ab
533 1038 696 1079 AEmilio
725 1043 836 1080 Probo
852 1071 860 1079 .
896 1057 927 1091 3.
959 1047 1145 1081 Editiones
1163 1071 1171 1079 .
1203 1056 1240 1087 4.

122 1102 267 1148 Scripta
281 1096 463 1146 deperdita
478 1126 486 1134 .
521 1108 553 1142 5,
571 1102 799 1145 Fragmenta,
814 1098 858 1139 ὅ]
872 1095 914 1134 de
928 1098 1098 1134 Corneliae
1112 1099 1242 1133 matris

125 1152 359 1191 Gracchorum
375 1149 531 1200 Eptstola
545 1149 596 1187 ad
615 1156 657 1187 C.
699 1150 897 1188 Gracchum
912 1179 921 1187 .
953 1156 988 1189 6.
1006 1155 1150 1200 Scripta
1168 1157 1246 1187 Ne-

120 1209 199 1257 poti
213 1206 301 1256 falsb
315 1203 455 1241 tributa
473 1219 489 1248 ,-
518 1203 602 1241 liber
619 1204 764 1241 Aurelii
796 1203 951 1241 ViHoris
969 1205 1012 1242 de
1027 1208 1127 1243 Viris
1155 1203 1245 1240 illu-

116 1259 250 1308 stribus
267 1287 276 1296 .
308 1272 343 1305 7.
361 1261 513 1296 Daretis
529 1257 649 1294 latina
665 1261 912 1308 interpretatio
926 1258 1053 1307 duplex
1064 1287 1072 1294 .
1107 1260 1141 1295 3.
1161 1259 1247 1296 Ver-

115 1315 169 1362 fi‘o
184 1312 303 1350 latina
319 1311 477 1362 Eptstolae:
491 1310 695 1354 Alexandri,
708 1314 836 1360 Magni
863 1310 906 1349 de
932 1311 1154 1349 mirabilibus
1183 1313 1248 1347 In-

125 1366 194 1405 diae
211 1395 219 1403 .
249 1382 285 1417 9.
316 1365 442 1403 Plures
463 1365 620 1402 cornelii
635 1368 831 1416 scriptores
847 1393 856 1402 .
891 1379 948 1408 10·

259 1532 364 1567 vicus
379 1527 430 1567 est
446 1527 722 1567 Veronenfium
752 1532 791 1566 in
819 1527 1091 1581 Transpadana
1121 1526 1246 1564 Italiae

75 1475 107 1513 l.
142 1473 395 1567 Cornelius
410 1480 528 1522 Nepos
546 1487 658 1513 natus
673 1473 796 1512 fertur
814 1477 853 1512 in
878 1471 1051 1512 Hostilia
1071 1474 1125 1523 (a
1144 1473 1158 1520 )
1176 1475 1242 1523 qui

790 1582 814 1620 b
874 1596 890 1630 3
1107 1595 1196 1633 pax·-

74 1692 90 1736 (
109 1702 126 1724 a
147 1690 160 1735 )
192 1686 276 1723 Vide
298 1686 442 1731 Voffium
455 1687 514 1724 lib.
538 1701 567 1725 1.
583 1687 625 1724 de
643 1689 742 1735 Hist.
764 1690 890 1724 Latin.
907 1701 939 1724 c.
963 1701 1019 1730 14.
1039 1693 1093 1723 De
1109 1692 1245 1734 Nepote

127 1740 439 1788 esstarst'qqularis
456 1743 666 1789 DisJE’rtatio
680 1749 775 1779 Dazs.
796 1741 968 1779 Guilelmi
984 1739 1141 1777 Molleri.
1156 1744 1192 1777 A
1197 1739 1248 1775 lt-

127 1793 234 1839 dorfii
250 1799 299 1830 A.
311 1807 323 1830 1
333 1796 378 1831 68
389 1808 419 1842 3.
432 1808 467 1837 4.
485 1795 685 1844 onuphrius
701 1798 908 1833 panvinius
922 1795 1117 1840 Veronensis
1133 1797 1172 1829 in
1186 1807 1247 1829 ca-

131 1846 245 1896 talogo
260 1846 454 1895 illustrium
472 1849 683 1898 scriptorum
714 1850 975 1896 Veronensium:
1003 1847 1249 1886 Constantis-

132 1901 223 1939 fimo
238 1904 413 1940 civitatis
442 1902 572 1940 nostrae
596 1903 816 1941 testimonio
845 1903 1045 1940 Cornelium
1075 1910 1247 1950 Nepotem

133 1957 257 1992 virum
275 1955 527 1994 dossiffimum
545 1958 580 1993 ὃ(
595 1960 873 2009 antiquitatum
891 1961 1063 1994 omnium
1094 1954 1248 2007 peritis-

130 2007 262 2045 fimum
280 2007 541 2047 Veronensem
560 2009 670 2049 fuiss‘e
685 2012 868 2057 traditur,
890 2014 950 2048 cui
971 2014 1009 2047 in
1027 2009 1170 2047 summa
1187 2024 1248 2047 cu-

134 2064 187 2099 ria
204 2077 289 2100 cum
311 2064 471 2115 reliquis
489 2063 768 2102 Veronenfibus
799 2064 1011 2104 illustribus
1041 2066 1157 2104 etiam
1175 2062 1249 2100 sta·

129 2127 194 2155 tua
211 2116 330 2168 pofita
347 2116 399 2156 est
415 2130 461 2157 ex
476 2118 631 2171 publica
648 2118 876 2159 austeritate
895 2147 901 2155 .
