1714 2719
452 148 523 178 104
604 135 980 175 CORNELII
1035 138 1348 181 NEPOTIS

395 228 521 252 tuerat
539 238 551 261 ,
569 219 725 266 propius
744 216 875 255 Tiberi
892 232 1005 268 quam
1026 218 1297 270 Thermopylis
1314 246 1328 267 ,
1343 223 1389 259 de
1405 221 1549 264 summa

399 272 549 318 imperii
566 270 778 308 dimicasset
795 298 804 307 .
836 273 961 361 Qem
979 272 1043 309 etsi
1066 274 1189 310 multa
1208 273 1320 312 stulte
1351 279 1477 313 conari
1494 283 1553 316 vi-

397 322 510 359 debat
528 346 540 367 ,
570 335 697 360 tamen
715 324 820 361 nulla
837 326 882 362 de
903 328 1000 361 eruit
1017 329 1055 362 in
1073 340 1110 363 re
1128 354 1136 361 .
1168 326 1320 364 Praesuit
1337 331 1466 378 paucis
1482 344 1549 367 na-

398 375 508 412 vibus
525 390 617 426 quas
634 391 678 413 ex
695 378 800 425 Syria
816 378 932 428 jussus
949 390 1027 415 erat
1046 382 1083 415 in
1103 378 1232 415 Asiam
1250 381 1399 427 ducere,
1425 381 1556 432 hisque

399 429 577 466 adversus
595 428 838 467 Rhodiorum
869 431 1020 467 classem
1040 434 1077 467 in
1109 431 1338 482 Pamphylio
1356 438 1558 472 maticon-

400 483 501 519 flixit
518 510 526 518 .
558 484 646 542 (ξω
662 498 746 520 cum
776 484 1027 520 multitudine
1042 485 1339 522 adversariorum
1366 486 1420 524 sui
1451 487 1558 538 supe-

401 547 574 572 rarentur
591 561 603 581 ,
634 536 710 585 ipse
727 551 801 587 quo
817 551 931 573 cornu
949 550 1025 572 rem
1045 537 1148 588 geffit
1166 561 1179 583 ,
1209 537 1284 575 suit
1307 539 1477 589 superior
1497 569 1503 576 .

451 587 526 624 IX.
558 589 755 626 Antiocho
772 592 904 640 fugato
925 613 938 634 ‚
970 603 1103 626 verens
1132 605 1178 626 ne
1207 592 1437 641 dederetur(
1456 594 1558 644 quod

401 643 477 679 sine
493 642 608 679 dubio
623 642 833 686 accidisset,
852 642 874 678 si
893 642 947 678 sui
963 641 1107 678 fecisset
1126 643 1349 692 potestatem
1366 648 1381 695 )
1397 645 1557 684 Cretam

401 697 448 731 ad
464 694 679 742 Gortynios
697 697 802 731 venit
820 718 833 739 5
863 707 903 731 ut
921 694 1003 738 ibi,
1034 707 1108 744 quo
1137 695 1172 731 se
1189 696 1375 734 conferret
1393 722 1406 743 ,
1436 700 1556 736 confi-

400 749 547 785 deraret
565 775 572 782 .
606 745 718 784 Vidit
734 759 860 784 autem
881 750 939 783 vir
954 751 1125 783 omnium
1157 749 1418 787 callidiffimus
1435 775 1448 797 ,
1476 766 1558 789 ma-

402 815 476 852 gno
494 799 529 837 se
544 799 626 837 fore
641 801 810 849 periculo
827 825 840 846 ,
870 800 937 837 nisi
955 800 1044 850 quid
1063 802 1288 850 praevidiffet
1305 827 1318 848 ,
1348 816 1502 856 propter
1518 817 1561 842 a-

402 857 584 891 varitiam
601 853 837 890 Cretensium
855 882 863 889 .
895 867 1071 904 magnam
1091 857 1193 890 enim
1211 854 1332 893 secum
1358 861 1560 906 pecuniam

404 907 582 959 portabat
600 930 612 951 ,
643 907 687 943 de
707 921 778 957 qua
797 906 937 944 sciebat
955 906 1069 944 exisse
1094 905 1233 944 famam
1252 936 1260 944 .
1291 908 1426 960 Itaque
1455 915 1561 961 capit

403 961 483 997 tale
499 961 696 997 consilium
715 987 722 995 .
740 961 941 1012 amphoras
958 960 1171 1010 complures
1187 963 1353 1011 complet
1373 964 1530 1014 plumbo
1552 981 1559 1003 :

406 1013 568 1050 summas
585 1018 708 1063 operit
724 1027 815 1051 auro
831 1015 866 1049 ὃ(
882 1026 1039 1063 argento
1056 1041 1064 1049 .
1093 1012 1159 1051 has
1175 1013 1386 1063 Gortyniis
1403 1023 1562 1066 praesen-

403 1067 507 1103 tibus
523 1067 680 1115 deponit
700 1069 736 1102 in
753 1067 900 1116 templo
917 1065 1052 1102 Dianae
1072 1090 1084 1110 ,
1102 1067 1280 1104 simulans
1296 1092 1308 1112 ,
1335 1068 1371 1105 se
1387 1069 1468 1106 suas
1484 1069 1565 1108 for-

407 1131 518 1156 tunas
536 1119 689 1156 illorum
709 1119 796 1156 fidei
812 1120 960 1156 credere
977 1146 986 1154 .
1005 1118 1082 1155 His
1102 1123 1139 1156 in
1158 1134 1319 1158 errorem
1337 1121 1475 1167 ducilis,
1493 1121 1564 1160 sta-

405 1185 491 1209 tuas
508 1186 625 1210 aeneas
643 1186 734 1222 quas
765 1172 887 1210 secum
919 1173 1096 1222 portabat
1114 1197 1126 1217 ,
1156 1187 1286 1211 omnes
1320 1174 1380 1211 sua
1403 1180 1563 1225 pecunia.

408 1226 576 1274 complet
594 1250 606 1271 ι,
635 1225 770 1276 easque
788 1229 827 1262 in
845 1226 1047 1276 propatulo
1063 1227 1167 1263 domi
1184 1227 1316 1276 abjicit
1338 1254 1346 1263 .
1376 1227 1566 1279 Gortynii
1584 1257 1587 1259 -

408 1279 595 1328 templum
628 1293 764 1330 magna
782 1293 867 1316 cura
898 1279 1113 1317 custodiunt
1132 1305 1144 1325 ‚
1174 1295 1249 1317 non
1267 1293 1344 1317 tam
1376 1295 1396 1317 a
1430 1287 1565 1321 ceteris

409 1345 523 1382 quam
539 1332 586 1368 ab
604 1331 830 1369 Hannibale
846 1357 858 1377 ‚
889 1347 935 1370 ne
952 1333 1042 1383 quid
1061 1333 1129 1370 ille
1147 1357 1160 1379 ,
1187 1333 1434 1372 inscientibus
1452 1337 1534 1375 illis
1550 1360 1566 1384 ‚

408 1385 565 1422 tolleret
583 1409 596 1429 ‚
626 1384 824 1437 secumque
840 1398 1008 1437 portaret
1025 1416 1034 1424 .

465 1436 517 1474 X.
549 1439 608 1476 Sic
623 1438 856 1476 conservatis
873 1439 947 1477 suis
963 1439 1071 1476 rebus
1089 1463 1102 1485 ,
1131 1438 1266 1476 Poenus
1285 1463 1298 1485 ‚
1329 1441 1450 1478 illusis
1472 1441 1568 1480 Cre-

410 1491 576 1529 tensibus
605 1492 810 1538 omnibus,
840 1493 887 1529 ad
905 1492 1069 1529 Prusiam
1096 1496 1133 1529 in
1166 1492 1330 1530 Pontum
1362 1499 1564 1543 pervenit:

411 1545 509 1595 apud
528 1559 638 1595 quem
655 1546 785 1583 eodem
816 1549 946 1583 animo
961 1545 1036 1583 suit
1054 1560 1137 1597 erga
1155 1545 1312 1582 Italiam
1331 1562 1338 1583 :
1369 1561 1490 1599 neque
1524 1562 1567 1585 a-

408 1598 491 1634 liud
508 1600 713 1649 quidquam
732 1603 810 1650 egit
827 1612 938 1649 quam
956 1613 1078 1650 regem
1096 1602 1263 1636 armavit
1282 1623 1294 1644 ,
1324 1601 1359 1636 &
1375 1604 1564 1639 excitavit

406 1651 586 1688 adversus
605 1651 808 1689 Romanos
827 1679 834 1687 .
868 1655 992 1713 Qem
1011 1667 1094 1689 curn
1114 1654 1259 1690 videret
1275 1653 1491 1692 domesticis
1507 1669 1566 1692 re-

409 1704 478 1741 bns
493 1707 620 1742 minus
648 1705 720 1742 esse
749 1705 937 1743 robustum
957 1730 969 1751 ,
999 1705 1231 1743 conciliabat
1258 1719 1401 1743 ceteros
1431 1722 1565 1759 reges,

409 1758 715 1809 adjungebatque
746 1758 945 1796 bellicosas
976 1762 1149 1796 nationes
1166 1786 1174 1794 .
1206 1758 1418 1797 Diffidebat
1449 1761 1497 1798 ab
1523 1775 1568 1800 eo

411 1811 664 1861 Pergamenus
681 1826 743 1849 rex
763 1811 951 1850 Eumenes
970 1837 982 1858 ‚
1001 1811 1195 1849 Romanis
1211 1813 1469 1859 amicissimus,
1488 1815 1568 1852 bel-

412 1864 569 1914 lumque
586 1867 686 1902 inter
702 1880 764 1902 eos
781 1866 1029 1916 gerebatur&
1046 1869 1140 1902 mari
1158 1867 1193 1902 ὃ(
1209 1878 1325 1902 terra:
1357 1880 1431 1917 quo
1445 1871 1566 1918 magis

410 1918 588 1967 cupiebat
610 1932 692 1955 eum
720 1916 920 1956 Hannibal
955 1921 1145 1969 opprimi.
1179 1919 1239 1955 sed
1270 1920 1469 1970 utrobique
1489 1919 1565 1957 Eu·

411 1985 540 2008 menes
558 1971 643 2020 plus
660 1972 815 2009 valebat
845 1985 999 2022 propter
1030 1972 1301 2009 Romanorum
1320 1972 1535 2010 societatem
1552 2001 1561 2009 .

416 2027 542 2084 Quem
560 2024 584 2061 fi
606 2025 822 2063 removisset
839 2050 852 2072 ,
881 2025 1054 2065 faciliora
1073 2025 1139 2063 fibi
1156 2038 1276 2063 cetera
1303 2025 1384 2064 fore
1411 2026 1569 2063 arbitra-

1372 2079 1478 2119 batur
1494 2106 1508 2115 ,
