1714 2719
517 165 639 199 xxxiv
752 159 1362 204 TESTIMONIA.

464 246 515 281 ris
531 258 670 282 nomen
685 255 821 296 gerunt
837 244 1033 294 praefixum
1049 274 1059 284 .
1088 250 1133 288 In
1150 249 1328 286 omnibus
1345 264 1436 287 vero
1452 249 1530 290 istis
1547 254 1630 291 edi-

461 298 634 335 tionibus
651 298 772 335 omiffi
789 297 875 336 sunt
891 299 972 349 post
999 300 1066 338 lib.
1094 317 1122 341 1·
1142 316 1177 339 v.
1202 314 1259 349 32.
1292 303 1330 339 hi
1352 302 1479 341 versus
1496 306 1632 356 quibus

461 354 683 389 continetur
701 355 917 390 encomium
935 352 1117 391 Balduini
1137 378 1150 400 ,
1181 358 1241 392 cui
1271 355 1413 395 Poe’ma
1436 356 1507 395 hoc
1526 357 1633 397 suum

460 417 530 454 pro
552 405 622 442 illa
639 417 853 456 temporum
873 405 1022 443 suorum
1039 407 1212 446 barbarie
1229 407 1437 447 facundum
1468 411 1504 447 &
1526 425 1635 448 com-
1688 441 1689 446 ,

459 469 542 495 tum
573 458 704 497 anaor
732 461 879 497 dicavit
907 484 920 506 ‚
950 459 1277 513 Archi-Episcopi
1309 462 1601 502 Cantuarienfis
1622 489 1635 511 3
1683 478 1687 507 ζ

460 510 527 548 sub
550 511 666 550 finem
697 512 819 551 saeculi
849 528 869 550 a
904 525 996 551 nato
1021 514 1056 551 C
1079 513 1121 549 H
1140 515 1182 553 R
1200 514 1216 551 I
1232 517 1254 552 S
1273 514 1307 553 T
1323 517 1359 553 O
1387 517 1603 555 duodecimi
1623 546 1633 554 .

460 563 602 603 Versus
619 567 710 605 illos
727 570 871 618 primus
888 568 989 617 quod
1006 567 1120 605 sciam
1138 583 1158 606 e
1184 568 1268 606 MS.
1287 571 1419 607 codice
1448 571 1632 620 produxit
1690 591 1691 594 ¹

462 616 560 656 Tan.
582 618 703 657 Faber
719 624 759 658 in
775 622 879 658 notis
895 621 943 658 ad
962 620 1184 672 Longinum
1200 635 1237 672 p.
1267 626 1351 671 169.
1369 624 1462 661 edit.
1479 624 1638 677 praecla-
1684 637 1687 650 ⁴

460 685 505 709 1·ae
532 671 748 711 Tollianae:

511 782 558 814 In
585 792 766 816 numerum
786 781 869 826 jam
895 780 1018 830 crescit
1043 779 1148 817 bonos
1164 805 1178 828 ‚
1206 792 1243 818 te
1268 785 1381 818 tertia
1405 783 1517 830 poſsit

509 830 639 879 Insula
654 857 668 878 ,
688 836 772 880 jam
797 836 958 870 meminit
987 836 1166 882 Wigornia
1182 859 1195 881 ‚
1223 838 1362 872 Cantia
1375 835 1484 884 discit
1500 861 1515 882 ,

511 888 692 932 Romanus
719 887 918 925 meditatur
945 898 1032 937 apex
1049 912 1062 934 ‚
1091 890 1135 931 ζῆ·
1163 888 1341 937 naufraga
1373 892 1478 926 Petri

512 939 703 976 Dufft'orem
731 944 771 976 in
795 940 922 978 mediis
949 941 1126 990 exspeblat
1151 941 1270 989 cymba
1292 942 1454 990 procellis
1469 969 1479 980 .

510 998 574 1029 Tu
601 1004 720 1030 tamen
746 993 888 1031 occiduo
915 993 1009 1042 degis
1036 1005 1225 1032 contentus
1251 995 1371 1041 ovili,
1686 1039 1690 1045 .

509 1049 660 1083 Tertius
674 1061 699 1082 a
726 1046 861 1084 Thoma
878 1071 891 1093 ,
926 1049 942 1098 (
956 1048 1223 1087 Cantuarienfi
1241 1049 1257 1099 )
1273 1048 1492 1098 Thomasque
1509 1049 1639 1098 ficun-
1686 1051 1689 1088 3

615 1099 684 1137 dus
703 1124 718 1146 ,
750 1102 794 1143 (ς’
825 1101 917 1137 alter

510 1151 578 1188 Sol
600 1157 715 1190 oriens
733 1177 747 1199 ,
774 1154 872 1191 rebus
905 1154 1066 1203 fitcceſj‘br
1082 1178 1095 1201 ,
1123 1153 1275 1192 moribus
1302 1153 1395 1191 heres
1413 1181 1423 1190 .

509 1205 647 1243 Felices
675 1220 760 1253 quos
788 1221 857 1244 non
884 1208 1003 1245 trabit
1029 1208 1186 1245 ambitus
1216 1209 1286 1246 &c.

510 1311 586 1349 IX.
616 1312 730 1352 Falso
747 1329 897 1367 quoque
913 1318 971 1354 uti
999 1315 1047 1353 ad
1066 1314 1314 1351 Alexandrum
1331 1320 1389 1358 Μ,
1406 1314 1598 1353 ειιιᾶοτεηῐ
1617 1339 1633 1361 ‚
1688 1318 1689 1322 ’

459 1366 508 1404 fic
523 1367 571 1403 ad
586 1367 788 1405 cornelium
799 1375 970 1418 Nepotem
986 1382 1187 1420 tamquam
1206 1372 1455 1418 interpretem
1473 1368 1636 1407 refertur
1686 1410 1688 1414 ,

458 1424 723 1459 commentitia
740 1421 897 1471 Epssola
911 1421 953 1459 de
966 1420 1194 1459 mirabilibus
1221 1421 1337 1459 Indiae
1354 1446 1369 1469 ,
1396 1437 1482 1461 cum
1499 1421 1638 1460 Inferi·
1686 1434 1689 1456 1

1482 1488 1586 1527 ptm—

513 1648 591 1673 tum
606 1643 653 1674 T.
672 1650 706 1674 2.
720 1646 756 1686 p.
783 1648 865 1684 335.
884 1643 939 1673 De
953 1634 1039 1673 bello
1068 1636 1147 1684 ejus
1172 1634 1393 1673 Antiocheno
1410 1636 1487 1681 sive
1502 1639 1638 1673 Antio-
1686 1641 1689 1667 4

512 1690 628 1727 cheide
659 1693 702 1732 Θ
718 1690 806 1727 aliis
827 1689 974 1740 scriptis
1005 1690 1072 1739 Jo.
1103 1688 1301 1727 Lelandum
1331 1688 1373 1726 de
1399 1689 1638 1738 scriptoribus
1688 1732 1689 1745 ἵ

515 1747 740 1781 Britannicis
757 1744 893 1781 editum
907 1753 1013 1793 nuper
1027 1742 1071 1781 ab
1086 1746 1248 1781 Antonio
1265 1741 1364 1781 Hall
1371 1767 1384 1790 ,
1401 1750 1513 1780 oxon.
1523 1757 1634 1792 1709.

520 1799 553 1835 8.
591 1813 644 1846 ag.
664 1811 685 1835 2
717 1811 752 1844 7.
1686 1806 1689 1817 ⁴

463 1857 551 1890 Non
565 1809 796 1889 ssnittejzdum
825 1853 936 1887 etiam
964 1848 1057 1898 quod
1070 1858 1186 1889 Dares
1214 1849 1357 1888 Gallico
1384 1860 1493 1886 metro
1505 1848 1638 1897 adstri-
1686 1853 1690 1885 t

517 1905 597 1941 blus
610 1905 724 1952 exstat
746 1909 784 1941 in
799 1905 925 1941 Codice
955 1905 1086 1941 Saeculi
1101 1908 1198 1943 XII.
1226 1903 1476 1941 membranaceo
1504 1902 1639 1941 Biblio-

515 1957 620 1994 thecae
635 1958 868 2005 Ambrosianae
895 1958 1164 2005 Mediolanenfis
1180 1986 1189 1995 .
1219 1957 1308 1996 Vide
1338 1961 1378 1995 V.
1396 1963 1438 1994 C'.
1467 1956 1637 1994 Bernardi
1686 1998 1689 2008 A

514 2012 556 2048 de
571 2011 810 2060 Montfaucon
840 2014 1013 2050 Diarium
1042 2012 1216 2049 Italicum
1239 2021 1277 2062 p.
1302 2027 1356 2061 19.
1375 2012 1419 2054 (9⁹
1436 2010 1637 2058 Palaeogra-
1688 2044 1690 2054 ἱ

513 2064 634 2114 pbiam
648 2074 808 2104 Graecam
818 2075 854 2114 p.
879 2068 963 2113 138.
984 2065 1044 2103 ubi
1058 2065 1159 2104 babes
1179 2066 1294 2116 versus
1323 2064 1486 2116 quosdam
1515 2069 1637 2102 Meta-
1687 2064 1689 2067 ’

511 2118 631 2169 phrasi
640 2119 698 2157 illi
708 2119 894 2170 praemtstbs
911 2147 920 2158 .
1688 2119 1689 2131 ³
