1714 2719
497 138 570 172 viii
737 135 1352 181 TESTIMONIA.

673 222 884 270 Pomponius
913 220 1015 256 Mela
1046 220 1106 257 lib.
1131 236 1145 258 1
1157 236 1171 259 1
1183 237 1214 259 1.
1244 233 1318 272 cap.
1353 238 1387 262 v.

499 323 684 362 Cornelius
699 332 817 375 Nepos
835 350 848 372 ,
864 339 905 363 ut
923 331 1112 365 recentior
1128 329 1356 367 aue’toritate
1373 355 1386 376 ‚
1403 330 1450 369 fic
1466 335 1618 373 certior.

500 433 649 470 Plinius
667 431 726 469 lib.
759 447 774 470 1
786 446 844 470 11.
861 444 936 482 cap.
955 447 1054 472 xv11
1067 448 1102 471 1.
1118 435 1162 477 ῤ’
1177 435 1236 471 lib.
1262 449 1319 472 1x.
1337 447 1562 486 cap.xx><1x.

502 546 621 588 Nepos
650 540 835 576 Cornelius
866 564 879 586 ‚
908 539 1003 578 Padi
1032 541 1161 579 accola
1180 565 1193 588 ³
1223 546 1288 593 qui
1322 543 1423 582 Divi
1454 545 1618 598 Augusti

450 597 672 645 principatu
688 594 790 631 obiit
805 622 816 630 .

597 700 718 739 Plinii
751 701 925 750 junioris
954 701 1111 749 Epistola
1139 715 1309 739 xxv111.
1327 703 1386 741 lib.
1409 718 1469 744 1v.

817 767 894 800 quae
916 755 963 800 est
990 753 1040 790 ad
1067 759 1232 790 Severum
1248 781 1256 789 .

503 859 727 899 Herennius
745 861 904 899 Severus
921 885 934 907 5
951 863 1013 900 vir
1028 861 1260 900 doffiffimus
1279 886 1292 908 ‚
1315 867 1446 915 magni
1463 863 1623 904 aestimat

451 915 494 952 in
509 914 759 951 'bibliotheca
790 914 852 951 sua
883 928 1023 965 ponere
1053 918 1240 966 imagines
1265 920 1503 968 municipum
1535 930 1622 956 tuo-

447 981 532 1006 rum
552 991 565 1014 9
579 967 737 1004 Cornelii
751 970 904 1016 Nepotis
921 992 933 1014 ,
951 970 987 1005 ὅ(
1005 967 1089 1005 Titi
1103 969 1219 1006 Caffii
1239 984 1247 1005 :
1272 973 1445 1021 petitque
1463 995 1476 1016 ‚
1493 971 1517 1008 fi
1536 971 1622 1009 sunt

449 1021 536 1058 istic
553 1046 566 1068 ,
596 1032 637 1058 ut
655 1021 727 1058 esse
743 1021 926 1058 credibile
941 1021 992 1059 est
1013 1045 1026 1067 ,
1055 1021 1320 1060 exscribendas
1337 1023 1622 1075 pingendasque

451 1076 628 1126 delegem
648 1102 655 1109 .
687 1076 814 1124 Quam
832 1088 962 1112 curam
980 1075 1053 1112 tibi
1070 1076 1300 1125 potiffimum
1327 1078 1486 1127 injungo
1503 1092 1511 1114 ε
1542 1081 1622 1128 pri-

452 1143 558 1165 mum
575 1153 587 1174 ,
619 1130 707 1178 quia
724 1128 915 1165 defideriis
931 1131 1028 1165 meis
1047 1129 1267 1166 amicissime
1285 1129 1501 1180 obsequeris
1519 1145 1527 1166 :
1558 1131 1622 1168 de-

451 1183 544 1219 inde
562 1206 574 1227 ,
605 1185 693 1231 quia
711 1181 783 1218 tibi
800 1180 1007 1218 studiorum
1027 1180 1171 1219 summa
1189 1186 1402 1220 reverentia
1420 1207 1433 1228 ,
1454 1182 1622 1220 summus

453 1249 564 1273 amor
581 1233 829 1272 studiosorum
849 1250 857 1272 τ
886 1233 1076 1285 postremo
1095 1260 1108 1281 ,
1126 1237 1226 1286 quod
1244 1239 1407 1286 patriam
1425 1249 1532 1273 tuam
1549 1261 1561 1282 ,
1580 1252 1623 1274 o·

451 1288 638 1338 mnesque
655 1290 720 1338 qui
737 1302 876 1325 nomen
893 1289 972 1337 ejus
988 1301 1177 1326 auxerunt
1194 1313 1206 1333 ,
1233 1302 1273 1326 ut
1291 1293 1456 1339 patriam
1475 1289 1594 1340 ipsam
1607 1313 1622 1336 5

450 1344 648 1380 veneraris
665 1343 701 1377 &
716 1342 848 1393 diligis
865 1370 874 1378 .
904 1340 999 1379 Peto
1015 1354 1143 1379 autem
1161 1354 1202 1379 ut
1228 1343 1411 1393 pieiorem
1431 1357 1544 1394 quam
1562 1344 1622 1380 di-

449 1395 740 1446 ligentiffimum
758 1396 921 1432 affumas
936 1422 944 1429 .
973 1394 1077 1433 Nam
1095 1410 1179 1432 cum
1198 1395 1249 1433 est
1264 1397 1422 1433 arduum
1442 1396 1623 1433 similitu-

452 1450 583 1487 dinem
601 1449 776 1499 effingere
791 1462 836 1486 ex
854 1463 944 1486 vero
956 1472 969 1494 ,
985 1461 1068 1486 tum
1087 1450 1201 1500 longe
1217 1450 1446 1487 difficillima
1464 1450 1514 1487 est
1534 1453 1624 1487 imi·
1649 1452 1651 1454 ’

454 1504 618 1540 tationis
637 1505 806 1539 imitatio
825 1530 833 1538 .
865 1503 904 1539 A
921 1516 992 1552 qua
1011 1517 1101 1554 rogo
1119 1514 1161 1539 ut
1177 1503 1365 1540 artificem
1399 1517 1509 1555 quem
1544 1504 1622 1541 ele-

455 1559 556 1608 geris
581 1579 594 1601 ,
624 1569 671 1592 ne
687 1557 727 1591 in
744 1556 882 1593 melius
898 1557 1052 1606 quidem
1075 1581 1088 1603 ,
1113 1556 1209 1594 finas
1223 1556 1396 1595 aberrare
1410 1583 1421 1593 .
1453 1556 1554 1595 Vale
1570 1585 1579 1593 .

787 1661 883 1700 Idem
909 1660 970 1699 lib.
1002 1678 1038 1700 v.
1070 1664 1182 1712 Eptst.
1215 1677 1299 1700 111,

506 1769 704 1808 Neronem
720 1774 821 1809 enim
839 1770 988 1808 transeo
1001 1795 1014 1816 ‚
1032 1773 1208 1822 quamvis
1224 1770 1339 1810 sciam
1358 1786 1435 1810 non
1453 1786 1622 1810 corrum-

455 1827 496 1874 pi
516 1827 553 1860 in
571 1825 737 1861 deterius
755 1839 833 1875 quae
848 1826 1061 1875 aliquando
1077 1828 1193 1862 etiam
1211 1839 1230 1862 a
1247 1826 1362 1863 malis
1379 1849 1392 1872 ,
1423 1825 1484 1863 sed
1502 1825 1621 1863 hone-

455 1877 510 1914 sta
526 1891 680 1915 manere
709 1892 787 1929 quae
818 1878 948 1928 saepius
978 1892 996 1915 a
1030 1878 1139 1915 bonis
1170 1879 1266 1916 fiunt
1283 1907 1292 1915 .
1322 1878 1428 1917 Inter
1444 1893 1538 1930 quos
1556 1878 1619 1916 vel

453 1933 639 1981 praecipue
657 1933 910 1969 numerandus
927 1931 977 1968 est
996 1931 1235 1983 P.Virgilius
1252 1956 1265 1978 5
1282 1932 1467 1969 Cornelius
1482 1938 1618 1981 Nepos,

452 1985 491 2020 ὃ(
507 1987 610 2034 prius
627 1984 776 2022 Ennius
794 2010 806 2031 ,
826 1984 1059 2036 Acciusque;
1077 2000 1153 2022 non
1171 1987 1325 2036 quidem
1341 1987 1380 2024 hi
1397 1986 1588 2025 senatores
1607 2008 1622 2032 3

453 2036 516 2074 sed
532 2037 710 2076 saue'iitas
727 2054 874 2076 morum
891 2054 966 2076 non
985 2039 1097 2077 distat
1117 2039 1314 2080 ordinibus
1331 2067 1353 2089 ·„

1458 2090 1567 2141 Agd-
