1714 2719
302 140 841 189 PAUSANIAS.
926 137 1008 176 IV.
1135 150 1177 176 21

78 234 146 272 nisi
163 234 313 270 domum
335 236 584 264 reverteretur
601 247 612 264 s
645 221 679 259 se
695 224 831 271 capitis
850 235 934 257 eum
953 222 1203 258 ‹innuuntur-os
1217 240 1226 253 ·

79 286 169 324 Hoc
186 284 318 323 nuntio
333 291 458 317 motus
472 302 484 322 ,
515 276 664 327 sperans
682 273 717 311 se
734 282 849 312 ctiam
869 279 1026 324 pecunia
1045 277 1079 310 δ(
1097 288 1232 323 poten·

79 344 133 379 tia
153 337 290 378 instans
308 331 515 385 periculum
548 328 648 381 posse
664 329 854 378 depellere
870 353 883 372 ,
912 329 1066 366 domum
1094 329 1204 366 rediit
1223 349 1232 358 ·

80 392 170 431 Huc
186 405 225 429 ut
241 391 345 428 venit
365 411 377 433 ,
395 385 442 423 ab
459 383 623 433 Epirotis
642 385 678 418 in
698 382 851 419 vincula
870 382 1022 431 publica
1040 383 1230 431 conjcelus

80 446 130 486 est
149 471 158 480 .
189 446 278 482 licet
296 443 397 478 enim
416 438 561 489 legibus
579 450 709 472 mrum
725 438 847 473 cuivis
867 435 1021 485 Ephoro
1038 436 1107 472 hoc
1127 434 1230 474 sacc-

78 514 117 538 5e
133 500 207 548 regi
224 523 232 533 .
264 493 370 531 Hinc
386 504 513 530 tamen
532 491 566 528 se
583 490 781 541 expedivit
800 504 807 526 :
835 503 954 539 neque
971 504 1014 526 eo
1030 492 1152 540 magis
1169 504 1230 526 ca-

78 542 181 591 reba}
199 548 408 599 suspicione
424 573 432 582 .
464 558 550 581 nam
569 546 702 594 opinio
718 542 895 580 manebat
913 567 926 587 ‚
956 557 1041 580 eum
1057 556 1140 580 cum
1173 557 1230 580 re-

75 619 122 657 ge
136 604 272 642 habere
288 601 505 639 societatem
523 627 531 633 .
564 596 627 634 Est
645 610 762 649 genus
779 597 968 646 quoddam
1001 597 1198 634 hominum
1217 621 1231 642 ,

104 658 175 695 uod
194 656 357 694 Helotes
376 666 547 696 vocatur,
565 665 723 701 quoi-uni
741 664 875 701 magna
895 650 1104 688 multitudo
1119 664 1229 702 agros

76 672 451 749 {acedaemoniorum
483 706 577 743 colit
596 729 609 751 3
639 703 907 754 servorumque
929 719 1086 742 munere
1103 703 1232 756 fungi-

75 776 164 802 tur.
196 764 263 801 hos
279 776 428 813 quoque
458 759 665 796 sollicitare
690 757 752 807 spe
781 757 972 795 libertatis
988 757 1234 795 existimaba-

78 832 140 856 tur
156 845 164 853 .
196 817 265 854 Sed
283 817 381 865 quod
400 814 529 851 barum
546 826 666 850 rerum
685 811 833 848 nullum
860 824 939 849 erat
957 825 1131 862 apertum
1159 815 1232 849 cri-

78 885 164 908 men
183 894 196 914 ,
226 884 299 920 quo
315 870 421 917 argui
439 865 556 917 posset
575 890 588 910 ,
619 880 693 902 non
712 864 897 915 putabant
915 866 960 902 de
985 866 1056 902 tali
1075 877 1230 915 tamque

77 925 183 962 claro
200 926 281 960 viro
311 919 585 970 suspicionibus
602 930 774 969 oportere
788 919 950 968 judicari
968 934 976 956 :
1007 917 1068 957 sed
1098 918 1232 971 exspe-

77 975 255 1014 &andum
274 998 286 1018 ‚
316 975 404 1010 dum
423 972 458 1010 se
475 971 550 1021 ipsa
570 986 625 1008 res
641 974 804 1021 aperiret
822 999 831 1006 .

129 1026 199 1065 IV.
215 1025 376 1064 Interim
394 1026 571 1078 Argilius
587 1026 740 1076 quidam
760 1049 772 1072 ‚
787 1025 1108 1072 adolescentulus,
1122 1039 1234 1078 quem

79 1094 233 1134 puerum
254 1079 457 1117 Pausanias
482 1093 611 1116 amore
626 1093 787 1117 venereo
803 1081 991 1118 dilexerat
1008 1105 1021 1127 ,
1050 1095 1135 1119 cum
1153 1084 1234 1130 cpi-

81 1135 214 1174 stolam
228 1133 276 1171 ab
292 1148 336 1172 eo
351 1134 398 1170 ad
416 1132 652 1170 Artabazum
667 1134 867 1184 accepisset
884 1158 897 1179 ,
925 1137 1035 1185 eique
1052 1138 1090 1171 in
1116 1133 1237 1184 suspi-

82 1191 227 1228 cionem
244 1187 420 1231 veniss'et3
436 1187 584 1237 aliquid
603 1190 641 1224 in
661 1201 701 1224 ea
720 1188 765 1224 de
784 1186 818 1225 se
833 1187 904 1226 effe
922 1187 1119 1238 scriptum,
1131 1190 1230 1239 quod

80 1255 190 1280 nemo
206 1255 335 1278 eorum
351 1239 516 1277 rediisset
533 1243 599 1291 qui
630 1239 738 1291 super
754 1243 825 1278 tali
851 1241 970 1280 caussa
989 1243 1121 1279 eodem
1137 1240 1235 1278 miffi

79 1307 186 1334 erant
203 1318 216 1340 ,
247 1295 397 1332 vincula
415 1293 579 1344 epistolae
597 1295 746 1332 laxavit
764 1318 776 1340 ‚
793 1295 970 1347 signoque
985 1295 1154 1333 detineto
1171 1310 1235 1333 co-

79 1351 214 1402 gnovit
233 1371 246 1393 ,
275 1348 298 1385 s1
318 1347 529 1398 pertulisset
548 1372 560 1392 ,
591 1348 656 1385 sibi
673 1347 744 1385 esse
761 1350 992 1399 pereundum
1011 1377 1018 1384 .
1050 1349 1171 1386 Erant
1192 1352 1234 1386 in

80 1403 209 1441 eadem
226 1401 384 1453 epistola
401 1415 478 1453 quae
494 1402 541 1439 ad
567 1415 607 1438 ea
626 1403 870 1453 pertinebant
895 1417 974 1454 quae
991 1409 1092 1440 inter
1107 1417 1235 1454 regem

81 1455 378 1506 Pausaniamque
395 1468 652 1493 convenerant
670 1483 679 1491 .
712 1454 796 1495 Has
822 1457 890 1494 ille
920 1458 1050 1494 literas
1068 1455 1234 1506 Ephoris

81 1509 238 1547 tradidit
255 1537 263 1545 .
293 1509 385 1547 Non
402 1508 452 1547 est
468 1511 721 1559 praetereunda
739 1513 909 1561 gravitas
926 1510 1236 1548 Lacedaemonio-

82 1577 163 1600 rum
180 1563 248 1600 hoc
279 1563 364 1600 loco
380 1590 388 1598 .
420 1577 507 1600 nam
525 1577 571 1600 ne
600 1562 708 1614 hujus
726 1565 879 1615 quidem
911 1565 1053 1601 indicio
1084 1563 1233 1613 impulsi

83 1615 167 1654 sunt
197 1628 236 1653 ut
266 1615 492 1654 Pausaniam
533 1617 895 1666 comprehenderent
923 1633 930 1654 z
976 1631 1097 1668 neque
1128 1619 1233 1667 prius

79 1673 162 1713 ,vim
178 1670 431 1708 adhibendam
461 1682 692 1721 putaverunt
709 1685 821 1722 quam
853 1671 889 1710 se
912 1670 991 1722 ipse
1007 1668 1206 1708 indicasset
1224 1697 1233 1706 .

82 1721 215 1774 Itaque
243 1723 330 1761 huic
360 1724 478 1762 indici
496 1725 586 1775 quid
616 1724 698 1762 fieri
716 1725 864 1763 vellent
897 1749 910 1771 ‚
940 1735 1196 1775 praeceperunt
1224 1750 1233 1760 .

85 1774 226 1814 Fanum
241 1776 418 1827 Neptuni
435 1777 485 1815 est
508 1777 653 1815 Taenari
670 1803 682 1823 ‚
701 1780 801 1830 quod
819 1780 957 1817 violari
975 1778 1081 1815 nefas
1098 1788 1239 1828 putant

83 1828 206 1868 Graeci
223 1858 232 1866 .
249 1830 305 1868 Eo
323 1831 392 1868 ille
409 1833 521 1870 index
539 1831 738 1883 confugit:
759 1837 796 1869 in
813 1847 874 1870 ara
892 1832 1062 1870 consedit
1080 1860 1088 1867 .
1121 1830 1238 1868 Hanc

84 1885 190 1935 juxta
207 1883 329 1922 locum
347 1884 517 1924 fecerunt
536 1885 600 1923 sub
616 1900 710 1924 terra
731 1911 744 1932 ·,
774 1901 818 1924 ex
837 1901 911 1937 quo
927 1885 1045 1937 posset
1065 1887 1193 1922 audiri
1210 1885 1234 1921 si

85 1940 169 1989 quis
184 1940 273 1989 quid
287 1940 504 1991 loqueretur
519 1954 603 1977 cum
622 1941 776 1992 Argilio
794 1969 802 1976 .
822 1941 894 1978 huc
909 1954 953 1978 ex
972 1939 1136 1991 Ephoris
1153 1941 1240 1990 qui—¹

85 1984 170 2029 dam
200 1992 470 2031 descenderunt
501 2020 510 2029 .
558 1993 760 2032 Pausanias
789 2007 831 2032 ut
860 1995 1012 2031 audivit
1039 1994 1239 2044 Argilium

86 2046 291 2101 confugisse
306 2051 345 2089 in
361 2062 465 2092 aram
483 2072 497 2100 ,
525 2048 768 2103 perturbatus
798 2063 842 2086 eo
859 2051 966 2088 venit
983 2063 990 2086 :
1023 2061 1134 2141 querin
1152 2059 1241 2087 cum

133 2128 136 2130 .
780 2101 811 2141 B
869 2115 887 2150 3
1122 2113 1193 2154 up·
