1714 2719
270 116 318 156 T.
350 111 784 154 POMPONIUS
827 112 1178 153 ATTICUS.
1216 129 1284 163 ¹¹9

158 210 220 235 ma
245 220 258 240 ,
290 198 354 233 vix
371 193 555 232 mediocri
573 219 581 228 .
613 192 794 256 Nanspque
813 196 850 230 in
869 208 909 231 ea
928 207 1037 232 erant
1073 199 1178 246 pueri
1200 196 1332 232 litera—

158 250 288 289 tiffimi
306 273 319 294 ,
349 245 560 299 anagnosta:
577 250 719 295 oprimi
737 271 750 292 ,
779 248 814 283 &
833 248 991 298 plurimi
1013 249 1193 293 librarii,
1225 263 1329 287 utne

155 303 394 354 pedill'equus
412 301 566 352 quidem
584 299 784 351 quisquam
807 300 898 338 ciset
915 304 981 352 qui
1013 316 1086 339 non
1123 315 1326 354 utrumque

154 358 290 395 horum
310 356 465 407 pulchre
482 352 606 390 facere
624 353 742 404 poll'et
761 381 770 389 .
803 354 891 391 Pari
909 356 1024 391 modo
1041 356 1208 393 artifices
1226 371 1325 394 cete-

156 415 187 448 ri
205 424 298 462 quos
315 409 440 447 cultus
457 406 684 445 domesticus
701 407 900 453 desiderat,
919 413 1091 458 apprime
1110 409 1198 446 boni
1217 438 1224 445 .
1246 410 1325 448 Nc·—

155 479 228 516 que
246 476 373 500 tamen
392 462 526 499 horum
543 475 774 512 quemquam
794 486 807 505 ,
838 462 904 499 nisi
931 463 1035 499 domi
1067 477 1197 500 natum
1218 488 1230 507 ‚
1260 466 1329 501 du-

153 531 284 567 mique
314 516 456 553 facium
475 540 488 560 ,
520 516 653 552 habuit
672 543 679 551 .
712 517 827 578 Qod
845 515 895 553 cst
930 515 1073 567 {ignum
1093 531 1167 553 non
1202 517 1323 556 solum

151 572 415 613 continentiae,
435 568 494 607 sed
511 572 628 606 etiam
646 569 857 620 diligentiae
875 597 884 606 .
917 569 1020 607 Nun
1036 571 1071 606 «St
1090 585 1164 608 non
1185 573 1326 609 intem·

148 637 326 674 peranter
343 622 608 673 concupiscere
625 625 727 674 quod
756 637 775 660 a
811 623 985 674 pluribus
1004 625 1133 661 videas
1153 649 1166 669 ,
1196 631 1324 663 conti-

145 682 278 715 nentis
297 678 407 714 tlcbct
424 678 535 715 duci:
556 678 591 713 ὃ(
609 680 737 727 potius
754 677 959 729 diligentia
979 691 1092 729 quam
1112 682 1236 728 pretio
1254 693 1319 729 pa-

145 745 230 769 rare
247 756 260 776 ‚
291 746 366 768 non
384 731 590 768 mediocris
607 730 657 768 est
676 729 865 767 industria:
884 758 892 767 .
922 730 1094 784 Elegans
1111 757 1124 778 ,
1143 747 1217 770 non
1237 747 1319 771 ma·-

143 784 340 836 gnificus3
372 784 593 835 splendidus
611 809 624 829 ‚
654 799 730 822 non
749 783 994 830 sumtuosu53
1024 790 1130 823 omni
1148 787 1319 838 diligen-

143 842 198 876 tia
216 839 450 876 munditiam
469 861 482 883 ,
513 852 589 875 non
606 837 847 875 affluentiam
875 838 1077 876 affeehbat
1095 867 1103 875 .
1134 841 1314 890 Supellex

140 892 291 930 modica
311 917 324 938 ,
354 906 429 929 non
448 892 571 928 multa
593 905 604 934 ς
636 894 731 928 utin
758 905 932 929 neutram
964 905 1111 942 partem
1143 894 1314 944 conspici

140 944 262 996 poffer
279 973 288 981 .
320 943 404 982 Nec
421 945 492 982 hoc
509 944 706 995 praeteribo
723 968 736 990 ,
753 959 986 996 quamquam
1009 947 1211 984 nonnullis
1230 948 1316 986 leve

141 998 266 1037 visum
303 1001 348 1036 iri
383 1011 513 1050 putem
533 1026 542 1033 .
571 997 675 1035 Cum
694 1002 732 1035 in
765 1001 899 1048 primis
930 999 1058 1036 lautus
1075 999 1166 1038 effer
1196 1014 1312 1051 eques

141 1051 349 1090 Romanus
366 1076 380 1097 ‚
411 1054 447 1089 &
465 1067 541 1089 non
559 1066 692 1102 parum
730 1052 947 1089 liberaliter
961 1052 1116 1090 domum
1135 1053 1238 1091 suam
1271 1071 1315 1092 o-

140 1109 288 1143 mnium
305 1107 485 1143 ordinum
504 1106 678 1143 homines
696 1109 880 1144 invitaret
898 1130 911 1150 ‚
942 1105 1080 1143 scimus
1098 1131 1110 1151 ‚
1139 1121 1214 1144 non
1232 1122 1316 1145 am-

139 1161 243 1211 plius
261 1173 375 1210 quam
393 1173 500 1196 terna
519 1160 647 1196 millia
666 1162 763 1204 aeris,
776 1172 945 1210 peraeque
964 1162 1002 1196 in
1021 1160 1186 1211 singulos
1203 1175 1313 1199 men-

139 1212 194 1250 ses
210 1237 224 1258 ,
254 1226 299 1249 ex
316 1213 559 1262 ephemeride
576 1225 662 1248 eum
695 1211 903 1261 expensum
921 1212 1064 1250 sumtui
1095 1212 1193 1250 ferre
1227 1214 1322 1252 soli-

136 1278 220 1303 tum
237 1292 246 1301 .
277 1277 392 1316 atque
410 1266 481 1302 hoc
497 1279 574 1302 non
592 1265 767 1301 auditum
786 1288 798 1309 ‚
829 1263 891 1301 sed
916 1268 1114 1316 cognitum
1135 1270 1316 1316 praedica-

135 1333 221 1357 mus
243 1333 254 1363 ς
286 1318 379 1370 saepe
409 1321 514 1356 enim
532 1343 544 1364 ,
575 1331 729 1370 propter
753 1317 1066 1357 familiaritatem
1084 1344 1097 1367 ‚
1127 1321 1308 1360 domesti-

137 1376 192 1411 cis
210 1373 318 1411 rebus
337 1371 584 1410 interfuimus
606 1400 614 1408 .

191 1425 251 1464 XI
261 1425 306 1464 V.
338 1425 467 1464 Nemo
489 1429 527 1463 in
558 1427 742 1464 convivio
758 1427 838 1477 ejus
867 1426 973 1464 aliud
1004 1441 1179 1465 acroama
1199 1430 1310 1467 audi-

138 1483 196 1519 vit
230 1494 345 1532 quam
375 1479 608 1532 anagnosten
627 1495 634 1517 :
667 1480 768 1530 quod
799 1494 868 1518 nos
899 1482 1055 1532 quidem
1084 1483 1305 1533 jucundiffi-

135 1548 240 1572 nium
269 1534 503 1572 arbitramur
518 1561 526 1569 .
559 1532 697 1586 Neque
714 1547 896 1585 umquam
927 1534 1004 1572 sine
1020 1536 1150 1586 aliqua
1169 1535 1306 1574 leffio—

135 1602 183 1626 ne
199 1588 298 1638 apud
315 1602 401 1625 eum
432 1601 612 1626 cenatum
628 1585 680 1625 est
699 1602 706 1624 :
742 1600 783 1625 ut
800 1602 877 1625 non
895 1592 1023 1626 minus
1041 1594 1173 1626 animo
1189 1603 1303 1641 quam

136 1654 270 1680 ventre
287 1666 300 1687 ,
329 1645 501 1679 convivat
517 1641 799 1680 deleEIarentur
815 1669 826 1678 .
855 1641 1039 1694 Namque
1055 1657 1119 1680 eos
1140 1644 1304 1682 vocabat

134 1709 295 1747 quorum
325 1709 449 1733 mores
484 1709 504 1733 a
535 1694 611 1733 suis
643 1709 720 1733 non
750 1695 997 1733 abhorrerent
1013 1724 1022 1732 .
1060 1696 1161 1734 Cum
1193 1710 1303 1735 tanta

134 1753 298 1800 pecunia:
316 1748 415 1787 faiia
432 1749 523 1787 esset
538 1749 693 1787 acceffio
719 1773 731 1795 ‚
762 1749 861 1786 nihil
885 1750 931 1787 de
947 1751 1180 1801 quotidiano
1194 1752 1301 1789 cultu

132 1807 304 1841 mutavit
321 1827 334 1849 ‚
364 1803 463 1840 nihil
481 1804 528 1841 de
557 1806 645 1841 vitae
674 1802 972 1841 consuetudine:
1003 1816 1189 1855 tantaque
1217 1805 1303 1843 usus

132 1856 184 1895 est
215 1858 480 1895 moderatione
496 1881 509 1903 ,
539 1870 580 1894 ut
598 1870 720 1908 neque
751 1860 789 1893 in
820 1856 991 1895 sestertio
1021 1861 1138 1896 vicies
1155 1882 1168 1904 ,
1198 1861 1301 1909 quod

131 1924 151 1948 a
170 1925 278 1962 patre
293 1924 489 1962 acceperat
507 1935 520 1957 ,
539 1925 673 1962 parum
692 1910 729 1947 se
744 1910 944 1961 splendide
959 1911 1112 1963 geiserit
1133 1925 1145 1956 3
1175 1926 1298 1963 neque

130 1967 171 2001 in
190 1963 360 2003 sestertio
387 1967 532 2003 centies
562 1964 785 2002 affluentius
817 1967 960 2002 vixerit
977 1979 1092 2016 quam
1123 1965 1299 2004 institue—

132 2031 188 2056 rat
209 2032 221 2065 5
239 2023 398 2071 parique
414 2017 569 2072 fastigio
585 2017 729 2057 steterit
745 2021 965 2070 inutraque
981 2019 1135 2058 fortuna
1155 2047 1163 2055 .
1197 2018 1301 2056 Nul-

832 2069 873 2108 H
931 2086 953 2117 4
1194 2073 1252 2111 los
