1714 2719
0 667 2 675 ’
209 658 1053 733 CORNELII

0 805 163 898 &N
268 807 350 898 E
452 806 520 898 P
623 805 716 898 O
808 803 907 894 T
1010 800 1055 892 Ι
1157 797 1217 890 S

440 974 482 1020 V
550 976 580 1017 Ι
644 973 689 1015 T
763 973 840 1018 2AE

160 1091 1108 1148 EXCELLENTIUM

55 1215 1221 1285 IMPERATORUM.

110 1379 576 1420 AUCTORIS
647 1378 1165 1418 PRAEFATIO.

216 1509 223 1512 ⁴
384 1488 418 1525 O
435 1488 474 1526 N
504 1488 638 1526 dubito
668 1487 750 1525 fore
778 1485 978 1538 plerosque
1001 1511 1014 1533 ‚
1045 1485 1180 1525 Attice
1204 1509 1221 1534 ‚

301 1552 304 1554 “
422 1545 484 1592 qui
502 1545 572 1580 hoc
587 1557 703 1594 genus
722 1541 932 1592 scripturae,
945 1541 1031 1578 leve
1047 1564 1060 1586 ,
1089 1542 1124 1577 ὅ(
1140 1556 1217 1579 non

286 1644 289 1649 ἦ
331 1605 354 1643 ,ξ
424 1596 511 1634 satis
528 1597 684 1648 dignum
703 1595 933 1632 summorum
947 1598 1114 1633 virorum
1133 1608 1218 1645 per-

272 1650 298 1685 .“
314 1635 356 1699 A?
426 1648 525 1688 sonis
554 1651 724 1701 judicent
743 1674 755 1694 ,
773 1664 855 1686 cum
875 1649 1037 1685 relatum
1057 1648 1184 1698 legent
1204 1672 1220 1693 ‚

424 1706 506 1753 quis
522 1704 697 1741 muficam
711 1704 881 1740 docuerit
892 1701 1221 1752 Epaminondam,

422 1769 485 1793 aut
515 1761 551 1793 in
577 1760 655 1807 ejus
673 1756 879 1793 virtutibus
895 1759 1185 1793 commemorari
1204 1778 1219 1800 ‚

415 1808 563 1847 saltasse
578 1825 662 1847 eum
681 1810 896 1854 commode,
913 1808 1148 1859 scienterque
1165 1811 1218 1845 ti-

58 1861 130 1899 biis
147 1861 311 1899 cantasse
329 1889 336 1896 .
357 1862 423 1899 Sed
444 1864 480 1899 hi
500 1877 607 1901 erunt
621 1863 698 1901 fere
715 1887 728 1908 ‚
746 1866 810 1914 qui
828 1876 1000 1913 expertes
1017 1863 1219 1899 literarum

55 1913 273 1952 Graecarum
293 1939 306 1961 ,
336 1916 432 1951 nihil
453 1917 591 1954 τεξὶυιῃ
611 1941 624 1962 ‚
654 1917 720 1954 nifi
739 1917 838 1967 quod
858 1915 1024 1966 ipsorum
1047 1915 1218 1953 moribus

56 1971 263 2006 conveniat
281 1993 293 2015 ,
322 1970 512 2019 putabunt
540 1998 548 2006 .
581 1969 638 2007 Hi
654 1995 666 2017 ,
695 1971 720 2008 s1
739 1971 943 2007 didicerint
962 1994 973 2016 ,
991 1983 1068 2006 nou
1085 1968 1218 2006 eadem

56 2022 232 2060 omnibus
249 2022 322 2060 effe
339 2022 490 2060 honesta
507 2037 622 2076 atque
638 2026 762 2074 turpia
777 2047 789 2069 ,
807 2022 868 2060 sed
884 2026 1011 2060 omnia
1028 2023 1219 2073 majorum

58 2075 244 2116 institutis
259 2077 421 2128 judicari
438 2101 452 2127 ,
481 2092 557 2117 non
575 2077 866 2118 admirabuntur
883 2101 895 2123 ,
926 2090 993 2117 nos
1020 2079 1059 2115 in
1075 2074 1219 2125 Grajo-

750 2130 788 2171 A
845 2142 866 2168 2
1082 2142 1164 2166 rum
