1714 2719
548 177 594 218 μ
702 164 1073 206 CORNELII
1127 164 1444 205 NEPOTrs

489 250 866 293 Lacedaemoniorum
883 248 1062 286 viRorias
1079 249 1195 299 culpae
1211 248 1278 285 suae
1294 249 1530 298 tribuebant,
1546 253 1651 302 quod

489 307 610 343 talem
641 308 766 342 virum
795 315 840 340 ex
871 304 1032 339 civitate
1060 301 1291 352 expulissent
1310 330 1317 337 .
1349 302 1487 353 Neque
1522 306 1559 341 id
1576 306 1654 343 fine

489 359 615 399 caussa
645 357 823 395 arbitrari
842 355 1070 393 videbantur
1087 382 1096 390 .
1126 369 1215 392 nam
1239 355 1434 406 postquam
1465 361 1653 396 exercitui

489 411 640 466 praeesse
657 420 819 461 coeperat
836 432 849 454 5
887 422 1007 458 neque
1024 420 1120 445 terra
1152 422 1273 458 neque
1288 413 1384 445 mari
1401 409 1521 447 hostes
1543 424 1653 460 pares
1671 407 1680 447 ‚l

490 466 567 504 esse
582 475 784 516 potuerant
803 489 810 497 .
842 460 922 498 Hic
940 474 980 498 ut
997 465 1089 498 navi
1118 462 1278 512 egressus
1303 462 1355 499 est
1377 486 1390 508 ,
1419 477 1654 514 quamquam
1676 448 1679 468 ¹
1710 483 1714 506 ι

493 517 753 558 Theramenes
768 517 804 552 ὃ(
822 513 1083 563 Thrasybulus
1100 515 1238 552 eisdem
1264 516 1372 553 rebus
1389 515 1613 565 praefuerant
1638 541 1656 562 ,
1670 518 1679 560 ι’

490 573 677 623 simulque
695 579 877 608 venerant
896 571 933 604 in
952 568 1131 605 Piraeeum
1151 591 1164 613 ,
1193 580 1321 605 tamen
1340 569 1452 606 illum
1478 584 1595 606 unum
1613 571 1679 608 o-l

491 639 600 666 mnes
617 622 936 677 prosequebantur
953 645 966 665 ‚
983 623 1041 666 &,
1061 622 1097 658 id
1116 623 1215 672 quod
1233 636 1438 673 numquam
1457 635 1568 660 antea
1584 623 1654 661 usu.
1676 639 1679 660 2.
1713 645 1714 649 =

490 690 650 718 venerat
668 702 680 723 ‚
710 676 779 713 nisi
807 675 1002 724 Olympiae
1031 675 1240 711 vicioribus
1266 697 1279 720 ,
1309 679 1457 713 coronis
1485 680 1608 714 aureis
1637 701 1653 722 ,
1675 671 1679 717 d

491 731 677 782 aeneisque
695 730 810 780 vulgo
826 728 1059 764 donabatur.
1089 726 1164 764 Ille
1180 728 1386 765 lacrimans
1402 729 1520 766 talem
1537 730 1654 767 bene-
1677 723 1679 757 Ϊ

490 787 706 824 volentiam
724 784 868 820 civium
886 780 1034 817 suorum
1053 780 1265 829 accipiebat
1283 804 1296 826 ,
1316 781 1560 820 reminiscens
1578 786 1679 832 pri-2⁴

491 838 585 878 ssini
599 839 784 887 temporis
799 834 1048 871 acerbitatem
1067 861 1075 868 .
1095 832 1297 884 Postquam
1315 833 1411 871 Astu
1430 838 1553 881 venit,
1565 850 1658 873 con-
1676 830 1678 850 ¹

491 896 604 931 cione
617 891 803 928 advocata
821 887 867 924 fic
884 887 996 924 verba
1013 887 1107 924 fecit
1123 910 1136 932 ‚
1166 900 1206 923 ut
1224 902 1334 924 nemo
1352 901 1431 925 tam
1448 887 1549 925 ferus
1575 888 1678 926 fue-k

488 950 544 985 xit
562 969 575 991 ,
606 946 698 996 quin
715 944 793 994 ejus
810 940 933 978 casum
952 941 1164 977 lacrimarit
1182 964 1194 985 ,
1224 943 1503 992 inimicumque
1529 942 1589 978 his
1619 941 1657 980 se
1675 942 1678 1007 1
1711 944 1714 981 ἑ

491 999 697 1038 ostenderit
726 1008 886 1048 quorum
921 1007 1031 1044 opera
1061 996 1184 1043 patria
1203 993 1331 1043 pulsus
1343 993 1467 1031 suerat
1484 1009 1490 1031 :
1524 997 1654 1044 perin-
1674 1010 1678 1042 q
1712 1015 1714 1019 ·

491 1053 538 1090 de
556 1066 599 1090 ac
615 1051 638 1088 si
669 1050 769 1087 alius
801 1046 962 1098 populus
979 1071 992 1091 ,
1021 1061 1097 1083 non
1115 1046 1183 1083 ille
1211 1046 1287 1097 ipse
1304 1050 1368 1097 qui
1399 1060 1478 1085 tum
1510 1048 1623 1084 fiebat
1641 1071 1654 1093 3
1676 1051 1678 1086 ἶ

489 1119 577 1144 eum
595 1103 782 1154 sacrilegii
800 1099 1009 1138 damnasset
1024 1128 1031 1134 .
1062 1098 1259 1136 Restituta
1277 1114 1365 1150 ergo
1381 1101 1468 1136 huic
1484 1099 1568 1137 sunt
1585 1114 1656 1150 pu-
1674 1102 1678 1134 ἱ

489 1159 592 1197 blice
608 1157 705 1195 bona
725 1171 732 1193 :
753 1155 945 1204 iidemque
962 1153 1024 1190 illi
1042 1151 1282 1202 Eumolpidae
1300 1152 1509 1190 sacerdotes
1530 1153 1654 1191 rursus
1674 1149 1677 1175 ἵ

490 1211 677 1251 resacrare
702 1209 786 1247 sunt
812 1207 931 1245 coaffl
953 1230 966 1251 ,
996 1208 1059 1256 qui
1090 1220 1175 1243 eum
1206 1206 1464 1243 devoverant:
1494 1206 1676 1258 pilaequee

490 1266 570 1304 illae
599 1268 638 1302 in
656 1263 792 1315 quibus
808 1261 966 1298 devotio
995 1259 1118 1297 fuerat
1150 1258 1287 1310 scripta
1306 1282 1319 1304 ,
1350 1261 1388 1296 in
1406 1273 1509 1297 mare
1524 1263 1654 1309 praeci-
1672 1272 1677 1291 t

491 1323 623 1371 pitatae
648 1345 656 1352 .
1672 1313 1677 1347 l

547 1370 638 1410 VII.
658 1369 750 1407 Haec
767 1367 967 1406 Alcibiadi
986 1368 1118 1403 laetitia
1137 1369 1263 1403 minus
1279 1364 1354 1403 fuit
1367 1366 1651 1403 diuturna-nam

495 1441 583 1466 cum
598 1428 632 1462 ei
651 1424 769 1462 essent
786 1435 915 1459 omnes
933 1421 1091 1458 honores
1108 1421 1250 1457 decreti
1267 1443 1280 1464 ‚
1297 1431 1454 1470 totaque
1470 1419 1656 1469 respubli-

495 1495 541 1519 ca
558 1480 663 1517 domi
680 1477 850 1526 bellique
867 1475 1006 1511 tradita
1027 1498 1040 1519 ,
1070 1486 1111 1510 ut
1128 1476 1239 1510 unius
1255 1472 1416 1510 arbitrio
1431 1485 1620 1524 gereretur
1638 1496 1651 1517 ,
1672 1474 1676 1504 ¹

493 1531 631 1584 &ipse
646 1527 863 1582 postulasset
894 1539 934 1564 ut
951 1528 1025 1564 duo
1042 1527 1108 1564 sibi
1123 1527 1275 1577 collegat
1292 1527 1471 1563 darentur
1487 1551 1501 1572 ,
1532 1525 1655 1562 Thra-
1709 1535 1714 1567 1

492 1586 667 1637 sybulus,
684 1585 720 1620 ὃ(
736 1582 970 1620 Adimantus
988 1604 1001 1626 ,
1019 1594 1140 1630 neque
1157 1580 1194 1616 id
1211 1592 1390 1630 negatum
1407 1578 1496 1616 effer
1513 1603 1525 1625 ,
1543 1577 1654 1616 classe

495 1644 535 1679 in
553 1639 684 1678 Asiam
703 1635 890 1688 p1·ofe&us
908 1658 921 1681 5
951 1635 1050 1685 quod
1066 1635 1164 1683 apud
1181 1633 1331 1682 Cymen
1356 1636 1434 1670 min
1443 1647 1482 1670 us
1499 1646 1542 1669 ex
1574 1622 1676 1669 sen-¹

494 1697 618 1733 tentia
636 1705 714 1729 rem
734 1688 890 1741 gesserat
909 1712 922 1733 ,
952 1691 990 1724 in
1008 1688 1195 1724 invidiam
1213 1688 1346 1723 recidit
1365 1714 1372 1721 .
1404 1685 1516 1724 Nihil
1550 1689 1653 1722 enim
1670 1688 1676 1721 l
1711 1715 1714 1733 ἶ

495 1761 583 1786 eum
602 1759 675 1782 non
694 1746 836 1781 efficere
868 1740 974 1791 posse
991 1740 1177 1777 ducebant
1197 1768 1204 1775 .
1236 1753 1280 1777 ex
1312 1754 1386 1790 quo
1416 1739 1528 1776 fiebat
1557 1752 1598 1775 ut
1615 1728 1675 1776 0-l
1712 1754 1714 1774 ι

496 1804 602 1839 mnia
618 1802 744 1835 minus
762 1794 935 1846 prospere
951 1793 1049 1845 gesta
1072 1795 1150 1844 ejus
1169 1794 1286 1844 culpae
1304 1793 1511 1830 tribuerent
1529 1816 1542 1836 ‚
1571 1806 1654 1829 cum
1709 1804 1714 1831 1

496 1868 584 1893 eum
600 1865 665 1890 aut
682 1850 937 1901 negligenter,
954 1859 1019 1884 aut
1037 1847 1230 1884 malitiose
1246 1845 1377 1884 fecisse
1393 1846 1654 1896 loquerentur,

496 1908 590 1947 sicut
607 1905 747 1943 accidit
765 1930 773 1938 .
803 1916 892 1938 nam
921 1913 1139 1950 corruptum
1156 1914 1175 1937 a
1194 1914 1277 1951 rege
1302 1924 1315 1945 ,
1344 1913 1475 1950 capere
1503 1898 1654 1948 Cymen

497 1959 661 2000 noluisse
692 1955 899 2007 arguebant
918 1982 925 1990 .
956 1952 1091 2004 Itaque
1121 1955 1207 1991 huic
1236 1956 1404 1990 maxime
1423 1957 1654 2002 imputamus

499 2014 604 2053 malo
618 2010 781 2050 caussam
797 2007 906 2046 fuisse
936 2010 1096 2044 nimiam
1129 2009 1350 2056 opinionem
1369 2008 1513 2057 ingenii
1539 2018 1655 2056 atque

501 2069 660 2110 virtutis
673 2093 680 2101 .
700 2063 905 2102 timebatur
921 2065 1022 2099 enim
1039 2075 1115 2098 non
1132 2063 1257 2098 minus
1274 2074 1388 2112 quam
1404 2058 1674 2111 diligebatur21
1708 2068 1714 2078 ⁴

1554 2126 1601 2149 ne
1670 2123 1672 2126 ·
