1714 2719
246 130 837 178 ALCIBIADES.
909 130 1016 170 vll.
1133 144 1175 179 31

63 225 132 261 iret
152 248 159 256 .
190 219 248 257 lta
279 231 324 256 ue
341 229 488 267 tempus
518 216 598 266 ejus
628 211 885 251 interficiendi
925 223 1088 262 quaerere
1119 208 1229 248 inssi-

63 285 214 314 tucrunt
232 301 241 310 .
291 273 312 309 d
330 269 530 309 Alcibiadi
565 269 713 305 diutius
728 265 844 303 celari
863 278 937 302 non
965 267 1090 315 potuit
1107 291 1117 301 .
1147 277 1231 303 erat

65 332 167 368 enim
185 341 225 366 ea
243 325 446 378 sagacitate
463 334 503 360 ut
520 322 644 373 decipi
661 334 737 358 non
756 317 877 370 posset
890 342 903 364 ,
919 318 1124 369 praesertim
1142 332 1232 357 cum

65 386 235 420 :nimum
264 377 484 417 attendisset
510 376 556 413 ad
588 374 799 413 cavendum
818 400 826 408 .
855 370 992 423 ltaque
1020 373 1067 408 ad
1104 370 1232 409 Tissa-

68 437 245 488 phernem
269 431 485 484 prarfeClum
509 431 606 481 regis
623 427 739 466 Darii
759 425 794 464 se
811 427 978 464 contulit
998 441 1005 462 :
1022 426 1127 476 cujus
1142 439 1231 464 cum

69 493 106 527 in
125 490 301 526 intimam
316 488 538 524 >amicitiam
557 479 786 534 pervenisset
804 504 817 526 ,
847 480 882 516 ὅ(
902 478 1194 517 Atheniensium
1213 501 1230 526 9

67 543 168 580 niele
196 539 307 592 gestis
339 543 376 577 in
396 538 526 576 Sicilia
561 537 670 574 rebus
686 560 700 581 ,
729 548 819 585 opes
849 532 1036 571 senescere
1052 556 1065 577 ‚
1094 545 1230 570 contra.

69 594 438 633 Lacedaemoniorum
456 590 617 630 crescere
633 590 798 632 videret,
813 590 927 625 initio
941 601 1026 626 cum
1043 585 1230 624 Pisandro

66 661 221 700 praetore
239 672 251 694 ,
276 650 340 699 qui
358 647 457 697 apud
476 647 628 682 Samum
646 645 854 680 exercitum
873 641 1035 679 habebat
1053 664 1066 686 ,
1084 653 1150 691 per
1167 643 1230 678 in-

63 704 278 740 ternuntios
294 701 529 751 colloquitur
546 722 558 742 ,
588 699 623 734 ὃ(
640 698 685 734 dc
715 697 838 733 reditu
856 693 920 732 suo
946 694 1040 732 facit
1057 697 1229 732 mentio-

60 769 147 793 nem
167 783 174 790 .
206 754 298 791 Erat
327 757 429 791 enim
446 753 579 790 codem
608 765 682 802 quo
700 749 924 787 Alcibiades
940 772 953 794 ‚
984 746 1089 785 sensu
1111 771 1125 794 ‚
1157 761 1229 798 po-

62 809 144 860 puli
162 811 339 859 potentia:
356 821 429 844 non
460 807 604 842 amicus
621 829 633 849 ,
664 805 698 840 ὅ(
715 806 944 852 optimatum
977 800 1105 839 fautor
1120 829 1130 838 .
1159 801 1230 840 Ab

69 862 139 899 hoc
167 860 369 898 destitutus
392 885 405 905 ,
435 863 599 909 primum
630 870 696 907 per
728 855 1012 904 Thrasybulum
1052 854 1152 904 Lyci
1181 854 1228 892 fi-

63 916 159 951 lium
178 937 191 959 ‚
219 914 267 950 ab
296 916 464 950 exercitu
495 914 708 961 recipitur,
737 922 948 960 praetorque
972 909 1015 946 fit
1031 909 1131 958 apud
1161 908 1232 945 Sa·-

4 982 7 991 ¹
64 980 169 1005 mum
189 981 196 1002 :
216 964 294 1015 post
313 965 539 1016 suffragante
557 964 795 1001 Theramene
812 987 824 1007 ,
842 961 1043 1012 plebiscito
1058 961 1229 999 restitui-

63 1033 139 1064 tur,
154 1022 312 1069 parique
327 1017 460 1055 absens
478 1020 638 1068 imperio
654 1015 858 1068 praeficitur
873 1014 980 1053 simul
998 1029 1083 1053 cum
1103 1013 1230 1052 Thra-

67 1072 204 1122 sybulo
221 1073 256 1108 o&
276 1071 514 1109 Theramene
531 1099 539 1107 .
570 1068 723 1108 Horum
753 1071 916 1119 imperio
932 1081 1038 1106 tanta
1056 1083 1230 1108 commu-

67 1128 162 1164 tatio
176 1139 298 1162 rerum
315 1125 413 1163 sach
432 1124 482 1162 est
500 1149 513 1170 ,
531 1138 572 1162 ut
591 1123 870 1161 Lacedaemonii
889 1147 902 1169 ‚
929 1125 993 1173 qui
1009 1123 1143 1174 paullo
1157 1137 1230 1160 an-

65 1191 104 1217 te
120 1177 277 1216 νίἕὶοτες
295 1182 496 1230 viguerant
517 1202 528 1224 ‚
546 1180 740 1228 perterriti
759 1191 888 1227 pacem
907 1187 1100 1228 peterent:
1134 1176 1230 1215 visti

64 1234 163 1270 enim
184 1244 291 1270 erant
315 1235 482 1283 quinque
496 1232 644 1282 proeliis
661 1231 897 1268 terrestribus
915 1255 928 1276 ,
958 1230 1080 1268 tribus
1110 1244 1230 1268 nava-

65 1285 188 1323 libus:
219 1288 256 1322 in
277 1286 412 1336 quibus
436 1286 617 1322 ducentas
647 1298 764 1322 naves
789 1288 961 1322 triremes
990 1283 1195 1321 amiserant
1213 1307 1229 1330 ,

94 1352 145 1376 υτ
161 1351 275 1390 captae
294 1343 330 1375 in
349 1338 509 1376 hostiurn
528 1351 710 1376 venerant
728 1337 953 1389 potestatem
972 1365 980 1373 .
998 1337 1228 1376 Alcibiades

67 1352 174 1430 amul
194 1407 278 1431 cum
295 1393 456 1444 collegis
474 1405 664 1442 receperat
680 1391 829 1429 Ioniam
848 1416 861 1437 ,
891 1390 1194 1443 Hellespontum
1211 1416 1226 1438 ,

66 1446 208 1484 multas
227 1459 402 1497 pr'aeterca
420 1446 529 1484 urbes
544 1445 697 1485 Graecas
716 1471 728 1492 ‚
746 1460 823 1496 quae
841 1449 879 1482 in
898 1459 961 1483 ora
979 1445 1052 1483 sitae
1069 1445 1153 1482 sunt
1166 1445 1228 1484 A-

66 1499 146 1537 fiae:
175 1514 329 1551 quarum
351 1512 663 1551 expugnaverant
681 1500 894 1550 complures
909 1524 921 1545 ,
940 1502 978 1536 in
996 1499 1056 1537 his
1073 1499 1227 1548 Byzan—

63 1555 160 1591 tium
176 1581 184 1588 .
215 1568 334 1605 neque
349 1557 476 1591 minus
505 1554 648 1590 multas
664 1553 822 1591 consilio
845 1553 892 1590 ad
913 1555 1127 1591 amicitiam
1157 1554 1226 1590 ad-

60 1607 262 1659 junxerant
280 1632 293 1653 ,
311 1608 410 1658 quod
429 1610 466 1643 in
483 1621 614 1658 captos
631 1607 836 1644 clementia
854 1605 1006 1644 fuerant
1023 1607 1071 1644 usi
1092 1634 1100 1642 .
1130 1604 1226 1644 Inde

64 1661 183 1711 praeda
199 1660 320 1699 onusti
340 1685 352 1706 ‚
371 1661 606 1711 locupletato
624 1664 792 1698 exercitu
806 1685 818 1707 ,
835 1663 1017 1699 maximis
1035 1660 1144 1698 rebus
1160 1674 1228 1712 ge-

66 1711 130 1750 stis
145 1737 159 1758 5
186 1713 360 1752 Athenas
378 1727 565 1752 venerunt
583 1742 592 1751 .

118 1765 187 1804 Vl.
218 1765 295 1805 His
309 1783 393 1806 cum
411 1768 565 1805 obviam
595 1768 768 1805 universa
802 1770 940 1806 civitas
972 1772 1010 1806 in
1040 1767 1223 1807 Piraeeum

65 1818 306 1859 descendisset
325 1846 338 1866 ‚
367 1834 475 1859 tanta
508 1821 583 1859 fuit
614 1826 785 1860 omnium
817 1821 1049 1873 exspe&atio
1075 1821 1224 1859 visendi

63 1871 278 1913 Alcibiadis
295 1888 360 1921 ‚ut
375 1877 421 1912 ad
439 1878 517 1926 ejus
535 1878 726 1913 triremem
745 1876 881 1927 vulgus
898 1877 1121 1921 conflueret,
1139 1889 1224 1926 per·

63 1927 221 1966 inde'ac
235 1929 259 1966 si
285 1929 386 1967 solus
415 1929 626 1966 advenisset
646 1944 658 1974 ς
688 1930 735 1968 fic
751 1934 851 1967 enim
870 1930 1013 1981 populo
1029 1941 1109 1967 erat
1137 1942 1224 1980 per-

62 1978 206 2020 suasum
224 2006 238 2028 ,
266 1983 301 2019 &
324 1983 499 2020 adversas
518 1983 725 2033 superiores
744 2008 756 2029 ,
773 1985 808 2021 3<
824 1983 1023 2034 praesentes
1041 1983 1220 2023 secundas

63 2045 120 2072 res
137 2035 312 2074 accidisse
327 2038 406 2088 ejus
423 2050 534 2087 opera
553 2065 561 2072 .
592 2035 728 2088 Itaque
744 2039 778 2075 &
796 2038 933 2075 Siciliae
949 2036 1124 2076 amissum
1142 2060 1154 2082 ,
1183 2037 1222 2077 δι’

1048 2089 1170 2129 Lace-
