1714 2719
271 159 848 203 EPAMINONDAS.
919 161 1022 202 xv.
1133 168 1183 211 ⁶³

76 259 172 285 neve
188 258 228 282 ea
247 257 326 296 quae
344 239 428 294 ipsis
445 240 588 278 leviora
623 239 707 278 sunt
725 264 738 286 ,
768 243 851 291 pari
868 243 984 278 modo
1015 242 1113 293 apud
1134 254 1237 279 cete-

76 314 136 338 ros
155 297 263 336 fuisse
277 295 512 336 arbitrentur
527 322 536 331 .
566 295 713 332 Scimus
744 297 845 331 enim
865 318 879 340 ,
908 295 1070 333 musicen
1097 294 1235 333 nostris

75 352 246 391 moribus
277 348 433 389 abeffea
464 350 651 400 principis
681 347 865 398 persona:
896 347 1036 386 saltare
1059 353 1176 387 ctiam
1196 352 1235 385 in

76 409 186 444 vitiis
203 407 293 457 poni
309 431 318 440 .
348 416 426 454 quae
441 405 570 439 omnia
588 403 688 452 apud
703 399 858 440 Graecos
874 402 910 438 ὃ(
926 416 1032 453 grata
1056 404 1091 440 &
1122 403 1237 440 laude

76 461 192 513 digna
205 459 411 497 ducuntur.
427 454 528 494 Cum
544 468 672 493 autem
689 458 903 505 exprimere
919 459 1127 508 imaginem
1144 470 1238 494 con-

79 512 285 552 suetudinis
300 523 415 562 atque
433 512 518 547 vitae
537 511 701 547 velimus
719 509 995 559 Epaminondae
1013 534 1026 555 ,
1057 510 1156 547 nihil
1175 513 1237 547 vi-

78 568 207 606 demur
221 564 356 603 debere
372 566 661 614 praetermittere
679 563 779 614 quod
797 567 989 614 pertineat
1006 564 1053 601 ad
1070 578 1152 601 eam
1170 563 1238 600 de-

77 618 295 659 clarandam
317 646 327 654 .
356 620 487 668 Quare
516 618 685 655 dicemus
715 620 880 669 primum
898 618 944 655 de
973 632 1108 669 genere
1127 619 1233 668 ejus:

75 673 212 711 deinde
228 672 363 723 quibus
381 671 597 722 disciplinis
610 696 622 717 ,
640 673 675 708 &t
691 685 711 708 a
729 671 866 722 quibus
883 671 925 708 sit
941 672 1133 709 eruditus:
1153 684 1236 708 tum

74 726 121 764 de
137 725 305 763 moribus
323 749 337 768 ,
367 727 589 777 ingeniique
606 725 881 769 facultatibus,
898 726 933 762 ὃ(
951 725 973 762 si
992 739 1063 776 qua
1080 728 1157 765 alia
1175 725 1238 761 di-

75 793 148 831 gna
178 781 362 817 memoria
392 792 502 816 erunt
522 794 528 815 ι
560 778 748 829 postremo
772 779 818 816 de
847 778 956 816 rebus
984 778 1096 830 gestis
1112 803 1126 826 ,
1156 792 1237 830 quz

74 847 96 870 a
112 833 290 884 plurimis
307 836 478 870 omnium
496 845 781 882 anteponuntur
799 833 1007 870 virtutibus
1025 860 1034 868 .

127 885 179 923 II.
210 885 337 923 Natus
368 889 485 937 igitur
501 900 608 936 patre
625 900 698 936 quo
715 887 884 923 diximus
901 910 914 931 ,
944 884 1099 923 honesto
1123 899 1238 937 gene-

78 953 116 977 re
133 964 146 985 ,
175 952 317 990 pauper
329 941 406 991 jam
423 954 441 976 a
460 939 669 989 majoribus
687 938 842 976 reliSlus
859 966 867 974 .
900 938 1084 977 Eruditus
1101 953 1233 977 autem

77 993 125 1030 sic
141 1016 154 1038 ‚
183 1005 222 1030 ut
242 1007 352 1030 nemo
371 991 575 1029 Thebanus
592 995 714 1042 magis
731 1019 739 1027 .
770 1006 858 1028 nam
878 992 912 1028 ὅ(
929 993 1179 1039 citharizare,
1198 993 1237 1028 ὃ(

75 1059 231 1085 cantare
246 1046 293 1083 ad
323 1046 547 1083 chordarum
579 1044 710 1083 sonum
739 1045 872 1082 declus
903 1044 953 1082 est
970 1059 988 1082 a
1017 1044 1207 1094 Dionysio
1225 1057 1235 1081 ε

77 1102 143 1151 qui
160 1113 235 1137 non
250 1103 398 1137 minore
415 1099 487 1137 fuit
507 1103 544 1136 in
581 1099 729 1136 musicis
758 1099 881 1150 gloria
913 1113 1026 1150 quam
1044 1097 1202 1136 Damon
1221 1123 1236 1145 ,

82 1165 147 1190 aut
164 1152 353 1204 Lamprus
369 1178 382 1200 ‚
411 1167 570 1204 quorum
589 1153 813 1204 pervulgata
831 1151 917 1189 sunt
941 1156 1096 1191 nomina
1115 1169 1123 1191 z
1154 1167 1238 1191 car-

79 1208 183 1242 mina
200 1219 354 1244 cantare
369 1206 477 1243 tibiis
493 1207 540 1243 ab
556 1207 841 1256 Olympiodoro
858 1230 871 1252 ,
902 1205 1039 1244 saltare
1069 1221 1088 1243 a
1106 1206 1239 1244 Calli-

76 1259 222 1309 phrone
237 1286 246 1294 .
277 1259 334 1297 At
366 1259 619 1310 Philosophia:
649 1274 915 1310 praeceptorem
945 1260 1078 1298 habuit
1103 1259 1237 1309 Lyfim

79 1311 332 1349 Tarentinum
350 1337 363 1358 ‚
393 1312 681 1364 Pythagoraeum
701 1328 708 1349 ε
739 1316 800 1350 cui
817 1315 970 1364 quidem
1002 1314 1049 1351 sic
1078 1313 1154 1351 fuit
1171 1315 1237 1351 de-

78 1366 182 1403 ditus
199 1389 212 1410 ,
242 1379 283 1403 ut
301 1366 519 1403 adolescens
539 1366 682 1404 tristem
700 1368 734 1403 ὅ(
765 1366 937 1405 severum
954 1366 1078 1406 senem
1109 1370 1236 1405 omni-

77 1419 145 1457 bus
160 1420 366 1469 aequalibus
384 1419 457 1458 suis
484 1423 522 1457 in
554 1419 824 1458 familiaritate
852 1421 1138 1472 anteposuerit:
1168 1437 1237 1459 ne-

78 1486 150 1524 que
164 1476 268 1522 prius
285 1488 368 1510 eum
386 1488 405 1511 a
425 1473 461 1512 se
476 1473 665 1512 dimiserit
677 1499 690 1519 ,
707 1488 820 1525 quam
838 1475 1023 1513 doetrinis
1039 1488 1149 1513 tanto
1165 1490 1236 1512 an·

76 1525 216 1564 teceffit
233 1527 515 1578 condiscipulos
531 1552 544 1574 ,
573 1541 615 1566 ut
639 1528 755 1565 facilc
785 1530 957 1580 intelligi
974 1529 1092 1582 posset
1109 1553 1122 1575 ,
1152 1531 1235 1580 pari

75 1580 189 1617 modo
219 1579 477 1631 superaturum
508 1596 639 1620 omnes
664 1585 701 1619 in
735 1586 870 1620 ceteris
899 1584 1043 1621 artibus
1061 1611 1068 1619 .
1100 1582 1235 1634 Atque

75 1633 151 1671 haec
167 1633 214 1670 ad
242 1633 406 1672 nostram
437 1635 748 1674 consuetudinem
767 1634 850 1673 sunt
881 1637 982 1675 levia
1001 1662 1014 1683 ,
1043 1638 1079 1674 &
1103 1641 1233 1688 potius

75 1689 353 1726 contemnenda
373 1704 380 1725 :
411 1703 451 1727 at
472 1693 508 1726 in
524 1689 672 1727 Graecia
689 1693 824 1741 utique
840 1691 934 1727 olim
951 1704 1094 1742 magnae
1126 1691 1232 1728 laudi

75 1753 181 1778 erant
197 1768 207 1777 .
238 1740 440 1793 Postquam
473 1744 637 1794 ephebus
655 1742 775 1781 faetus
792 1742 842 1781 est
860 1768 872 1789 ,
903 1746 938 1781 ὃ(
955 1744 1127 1795 palaestrae
1144 1745 1234 1782 dare

76 1807 227 1845 operam
244 1799 360 1846 coepit
376 1821 390 1842 ,
419 1812 496 1834 non
527 1810 606 1835 tam
636 1798 897 1849 magnitudini
915 1801 1054 1836 virium
1072 1798 1233 1836 servivit

75 1861 189 1898 quam
220 1850 446 1888 velocitati.
479 1851 590 1889 illam
619 1855 721 1889 enirn
752 1852 799 1888 ad
828 1852 1061 1889 athletarum
1092 1852 1198 1889 usum
1216 1875 1230 1896 ‚

72 1900 172 1939 hanc
186 1902 233 1939 ad
249 1902 342 1940 belli
358 1903 602 1942 existimabat
619 1906 828 1942 utilitatem
847 1909 1036 1956 pertinere
1053 1933 1061 1941 .
1092 1905 1232 1956 Itaque

73 1955 316 1994 exercebatur
329 1958 539 2008 plurimum
556 1960 739 1996 currendo
755 1959 789 1995 δε
807 1958 1005 2006 1ιιὲὶπῃι10,
1021 1960 1067 1996 ad
1083 1973 1168 1997 eum
1186 1959 1233 1995 f1-

75 2022 159 2046 nem
177 2011 300 2060 quoad
317 2011 416 2050 stans
432 2013 634 2063 compleffl
652 2012 772 2064 posset
790 2036 803 2057 ‚
832 2026 948 2064 atque
972 2014 1201 2053 contendere
1217 2039 1229 2049 .

77 2063 117 2100 in
129 2066 244 2102 armis
260 2064 471 2116 plurimum
489 2066 602 2108 studii
618 2066 863 2107 consumebat
887 2095 895 2102 .

1103 2118 1175 2161 111.
