1714 2719
353 114 860 155 HANNIBAL.
919 117 1091 156 XXII.
1181 133 1248 166 ¹03

136 200 264 248 ptivos
283 211 357 235 non
376 195 588 234 remissurus
606 219 619 238 ‚
649 197 750 246 quod
769 195 1034 235 Hannibalem
1054 223 1067 244 ,
1084 201 1188 249 cujus
1207 214 1297 250 ope-

135 265 172 287 ra
193 251 402 301 susceptum
423 249 565 287 bellum
585 248 709 292 foret,
729 251 1028 288 inimicillimum
1047 256 1193 288 nomini
1216 254 1301 291 Ro-

136 319 250 342 mano
268 329 281 350 ,
311 305 344 340 &
362 317 461 340 nunc
478 316 562 339 cum
581 304 740 351 imperio
757 304 855 352 apud
873 307 1080 342 exercitum
1101 305 1298 350 haberent,

136 361 306 408 itemque
321 355 477 393 sratrcm
494 356 573 405 ejus
604 354 816 405 Magonem
835 387 843 396 .
876 354 964 394 Hoc
994 358 1169 408 responso
1200 359 1297 397 Cas-

139 409 395 462 thaginienses
424 411 580 460 cognito
598 431 610 452 ‚
642 405 909 446 Hannibalem
940 411 1094 448 domum
1113 436 1126 455 ,
1157 412 1297 464 1811380-

134 477 297 513 nemque
314 474 539 499 rcvocarunt
557 488 564 496 .
598 458 677 498 Hic
708 474 747 498 ut
767 464 878 500 rediit
892 487 905 508 ,
942 477 1075 513 pra-tor
1093 464 1212 502 smus
1230 468 1297 509 cii,

131 518 331 567 postquam
350 529 411 552 rex
431 514 551 552 suerat
570 527 670 551 :inno
702 515 862 552 secundo
879 517 914 552 ὅ(
933 517 1112 568 vigesimo
1129 546 1137 553 .
1170 518 1224 556 Ut
1256 535 1296 556 c-

131 574 212 606 nim
236 568 372 606 Romae
388 567 561 606 consules
579 591 590 612 ‚
623 567 668 605 sic
686 567 924 620 Carthagine
940 575 1148 620 quotannis
1179 585 1293 610 annui

130 622 211 659 bini
230 635 332 673 reges
349 623 594 659 creabantur.
626 620 669 657 ln
689 621 972 673 c0111;1gistr;1tu
990 628 1070 674 pari
1088 626 1290 676 diligentia

129 673 165 712 se
185 673 387 712 Hannibal
406 675 561 725 praebuit
579 688 620 712 ac
638 673 761 713 fuerat
782 679 817 712 in
839 677 941 714 bello
958 704 965 712 .
1008 676 1186 729 Namque
1203 682 1292 716 crst-

127 732 179 766 cit
198 753 210 773 ‚
241 742 285 766 ex
305 733 415 766 novis
436 728 690 779 vecligalibus
707 743 782 765 non
801 728 920 767 solum
939 743 978 767 ut
1011 731 1100 768 cist-t
1132 737 1289 782 pecunia

127 796 204 833 quae
223 781 417 820 Romanis
436 795 480 818 ex
500 781 639 819 foederc
656 783 881 831 penderetur
898 807 911 828 ,
943 783 1002 820 sed
1020 789 1138 821 ctiam
1165 785 1288 836 super—

126 835 216 873 eiset
235 849 312 886 qus:
331 838 368 871 in
385 839 514 871 aerario
531 847 734 884 poneretur
751 862 758 871 .
791 834 946 873 Deinde
961 851 1061 874 anno
1093 838 1171 888 post
1198 853 1290 889 prae-

121 900 247 925 turam
265 913 278 933 ,
309 888 368 924 Μ.
400 887 569 924 Clzudio
587 911 600 932 ,
631 886 676 927 L.
698 887 813 925 Furio
842 888 953 926 Coss.
973 914 986 935 ,
1018 889 1144 928 Roma
1168 893 1285 943 legari

121 941 400 992 Carthaginem
420 952 604 978 venerunt
621 967 630 975 .
663 938 749 977 Hos
768 939 969 980 Hannibal
989 942 1042 979 sui
1060 943 1285 993 exposcendi

123 999 246 1046 gratia
274 993 402 1032 missos
434 1007 537 1031 ratus
555 1018 567 1038 ,
598 993 815 1044 priusquam
847 995 906 1032 his
936 994 1087 1033 senatus
1103 999 1255 1034 daretur
1273 1023 1286 1044 ‚

122 1062 258 1085 navem
291 1047 511 1086 conscendit
529 1049 628 1084 clam
647 1070 659 1091 ,
689 1060 804 1097 atque
822 1050 859 1084 in
892 1049 1040 1097 Syriam
1071 1051 1115 1086 ad
1136 1049 1283 1089 Antio-

122 1102 231 1138 chum
251 1101 421 1152 profugit
440 1128 447 1135 .
481 1099 569 1138 Hac
586 1114 622 1137 re
641 1101 767 1149 palam
787 1100 883 1138 faeta
903 1125 916 1146 ‚
935 1102 1040 1139 Poeni
1058 1117 1174 1140 naves
1190 1106 1282 1142 duas

121 1168 199 1205 qux
215 1169 300 1192 eum
319 1154 679 1203 comprehenderent
701 1178 713 1198 ,
741 1154 764 1191 si
783 1154 929 1204 possent
946 1155 1124 1206 consequi
1143 1180 1155 1202 ‚
1174 1158 1287 1195 mise-

121 1221 208 1244 runt
227 1232 239 1252 ‚
272 1208 365 1245 bona
384 1210 463 1257 ejus
495 1207 770 1256 publicarunt,
800 1209 991 1245 domuma
1022 1208 1284 1249 fundamentis

118 1261 347 1312 disjecerunt
365 1284 377 1305 ,
409 1259 528 1310 ipsum
546 1258 715 1296 exsulem
737 1261 957 1311 judicarunt
974 1289 982 1296 .

172 1312 282 1350 VIII.
301 1314 356 1351 At
377 1311 579 1350 Hannibal
597 1326 698 1350 anno
715 1316 833 1350 tertio
850 1313 1048 1365 postquam
1066 1316 1179 1353 domo
1198 1330 1283 1367 pro-

119 1365 266 1419 fugerat
284 1392 297 1413 ,
317 1366 361 1404 L.
376 1365 561 1404 Cornelio
578 1391 591 1412 ,
607 1366 853 1424 Qlssinutio
868 1366 997 1413 Coss„
1013 1383 1098 1406 cum
1115 1373 1284 1421 quinque

119 1421 281 1458 navibus
313 1419 488 1458 Africam
509 1423 653 1458 accedit
673 1423 711 1456 in
743 1420 883 1458 finibus
912 1420 1180 1470 Cyrenaeorum
1212 1447 1224 1468 ‚
1255 1424 1280 1461 st

119 1472 217 1512 forte
232 1473 569 1525 Carthaginienses
586 1476 631 1511 ad
664 1474 808 1511 bellum
826 1498 838 1519 ,
870 1473 1059 1512 Antiochi
1091 1476 1154 1527 spe
1183 1478 1281 1514 fidu-

116 1531 278 1579 ciaque,
311 1529 486 1564 inducere
503 1527 646 1576 posset:
678 1529 830 1577 cuijam
863 1527 1094 1578 persuaserat
1121 1543 1161 1567 ut
1192 1545 1278 1567 cum

115 1581 345 1618 exercitibus
365 1584 402 1617 in
421 1579 576 1618 Italiam
594 1580 894 1633 proficisceretur
910 1609 919 1616 .
951 1579 1041 1619 Huc
1065 1582 1278 1634 Magonem

115 1634 273 1672 fratrem
292 1637 435 1672 excivit
454 1661 462 1669 .
492 1631 535 1672 Id
553 1635 616 1672 ubi
635 1634 741 1672 Poeui
766 1633 999 1672 resciverunt
1017 1660 1029 1680 ,
1064 1636 1277 1687 Magonem

115 1689 244 1726 eadem
264 1702 334 1738 qua
354 1687 510 1724 fratrem
528 1701 636 1738 poena
653 1688 859 1726 affecerunt
873 1716 881 1723 .
911 1686 979 1725 Illi
996 1687 1204 1739 desperatis
1221 1705 1279 1728 re-

116 1742 182 1779 bus
199 1755 283 1780 cum
318 1741 516 1778 solviffent
547 1755 662 1779 naves
680 1765 694 1786 ,
722 1755 765 1778 ac
783 1742 868 1778 vela
900 1745 1027 1779 ventis
1057 1742 1243 1781 dediffent
1261 1769 1274 1790 ,

115 1793 317 1832 Hannibal
334 1795 383 1832 ad
400 1795 638 1832 Antiochum
658 1797 832 1846 pervenit
849 1822 857 1830 .
887 1793 952 1832 De
975 1795 1159 1847 Magonis
1177 1801 1276 1834 inte-

113 1852 189 1885 ritu
206 1848 347 1900 duplex
366 1851 548 1887 memoria
567 1850 715 1898 prodita
733 1847 782 1886 est
801 1875 810 1883 .
840 1861 1006 1899 namque
1021 1850 1091 1887 alii
1121 1849 1276 1887 naufra-

112 1906 176 1954 gio
199 1926 213 1946 ι,
240 1903 346 1938 aliia
365 1902 481 1939 servis
498 1902 610 1951 ipsius
627 1901 871 1939 interfinium
889 1915 973 1938 eum
990 1927 1004 1948 ,
1021 1901 1199 1952 scriptum
1219 1919 1276 1942 re-

114 1957 310 2006 liquerunt
322 1983 331 1990 .
350 1954 570 1992 Antiochus
587 1969 715 1992 autem
732 1955 756 1992 si
773 1967 852 1992 tam
871 1958 909 1992 in
926 1956 1073 2007 agendo
1091 1957 1193 1994 bello
1210 1971 1276 2007 pa-

114 2023 194 2047 rere
211 2008 392 2048 voluisset
409 2008 578 2048 consiliis
595 2011 674 2060 ejus
691 2033 705 2055 5
730 2022 849 2100 quan&¹
862 2011 901 2045 in
917 2007 1153 2061 suscipiendo
1170 2010 1278 2048 insti-

907 2076 930 2104 4
1146 2076 1229 2101 tue-
