1714 2719
275 179 727 221 EUMENEs.
811 180 1019 220 xvni.
1132 190 1191 230 ῖς

299 313 1017 383 EUMENES.

546 454 747 494 XVIII.

70 585 100 625 Ι.
131 583 450 674 EUMENES
474 585 694 622 Cardianus
708 612 715 619 .
737 581 866 636 Hujus
882 584 905 622 si
926 587 1061 623 virtuti
1080 599 1145 636 par
1161 586 1231 623 da-

243 653 280 678 ta
298 639 386 678 esset
406 638 556 677 fortuna
575 662 588 685 ‚
618 653 694 676 non
725 638 793 676 ille
809 639 967 689 quidem
996 642 1118 691 major
1135 663 1147 684 ‚
1166 638 1228 677 sed

69 694 193 731 multo
217 693 399 731 illustrior
416 717 429 738 ,
458 705 573 744 atque
602 695 718 730 etiam
750 692 1002 737 honoratior3
1032 695 1130 744 quod
1151 708 1236 730 ma-

69 761 162 799 gnos
192 747 364 785 homines
395 750 539 784 virtute
569 750 750 784 metimur
765 769 779 791 5
808 760 884 783 non
915 746 1066 784 fortuna
1086 775 1094 783 .
1126 747 1232 785 Nam

69 815 153 839 cum
172 813 258 838 :ctas
275 803 353 852 ejus
372 800 559 838 incidisset
579 804 615 837 in
633 814 674 838 ea
692 812 861 849 tempora
881 801 1017 851 quibus
1043 801 1234 839 Macedo-

73 869 139 892 nes
156 855 331 892 florerent
349 879 362 899 ,
391 854 557 891 multum
576 858 609 891 ei
639 856 806 892 detraxit
838 857 939 892 inter
968 868 1031 892 eos
1049 858 1198 892 viventi
1219 879 1234 900 ,

69 909 169 959 quod
202 908 334 945 alieuae
359 921 438 944 erat
469 911 641 945 civitatis
659 935 666 943 .
701 921 823 958 neque
851 909 958 946 aliud
990 909 1077 946 huic
1105 908 1232 946 defuit

65 975 181 1012 quam
199 959 374 1012 generosa
407 959 515 1010 stirps
532 989 540 996 .
573 961 652 999 Etsi
684 962 752 999 ille
769 961 974 1000 domestico
1005 962 1152 999 summo
1167 976 1232 1014 ge-

68 1028 157 1052 nere
174 1027 252 1050 erat
269 1038 282 1058 ‚
312 1026 439 1050 tamen
458 1014 693 1052 Macedones
710 1029 794 1053 cum
813 1015 877 1053 fibi
894 1017 1232 1066 aliquando-ante·-

69 1070 160 1119 poni
177 1068 334 1118 indigne
350 1067 522 1105 ferebant
539 1096 547 1103 .
578 1084 700 1119 neque
717 1083 844 1106 tamen
863 1084 938 1107 non
957 1069 1203 1120 patiebantur
1218 1084 1231 1115 ς

70 1121 245 1160 vincebat
263 1124 363 1158 enim
383 1135 514 1159 omnes
531 1136 616 1159 cura
636 1147 648 1166 ‚
669 1124 874 1174 vigilantia
888 1148 901 1169 ,
919 1126 1106 1174 patientia
1121 1147 1134 1169 ,
1152 1125 1235 1161 cal-

67 1175 222 1212 liditate
237 1198 250 1220 ,
280 1176 313 1210 ὅ(
332 1175 530 1213 celeritate
547 1180 690 1227 ingenii
708 1204 716 1211 .
749 1174 830 1214 Hic
855 1175 1231 1227 peradolescentulus

69 1229 116 1265 ad
132 1231 341 1265 amicitiam
359 1229 505 1266 accessit
537 1229 738 1281 Philippi,
770 1230 952 1280 Amyntae
974 1231 1075 1268 filii:
1107 1232 1233 1269 brevi-

69 1295 141 1332 que
156 1294 327 1332 tempore
343 1285 380 1318 in
401 1286 578 1319 intimam
592 1287 767 1333 pervenit
787 1283 1095 1322 familiaritatem
1110 1313 1118 1320 .
1138 1283 1233 1321 Ful-

69 1335 179 1386 gebat
197 1339 297 1373 enim
314 1339 389 1387 jam
409 1339 445 1372 in
463 1337 752 1374 adolescentulo
770 1338 919 1375 indoles
937 1341 1093 1376 virtutis
1111 1366 1119 1374 .
1150 1337 1233 1375 Ita-

68 1402 141 1439 que
157 1403 240 1426 eum
259 1390 390 1427 habuit
408 1392 453 1426 ad
471 1405 624 1428 manum
645 1390 768 1428 scribae
787 1391 870 1429 loco
889 1408 896 1428 r
927 1393 1028 1443 quod
1046 1393 1231 1430 multo‘a-

69 1443 144 1493 pud
159 1441 300 1494 Grajos
318 1444 630 1482 honorificentius
659 1444 710 1481 est
736 1459 850 1496 quam
879 1447 979 1496 apud
999 1445 1201 1484 Romanos
1219 1474 1228 1482 .

69 1495 173 1533 Nam
191 1498 288 1547 apud
307 1511 375 1534 nos
392 1512 430 1535 re
449 1512 532 1535 vera
550 1523 564 1544 ‚
594 1498 683 1536 ficut
699 1498 786 1536 sunt
804 1523 817 1545 ,
845 1504 1070 1538 mercenarii
1101 1500 1229 1538 scribae

71 1549 339 1588 existimantur
355 1579 363 1586 .
394 1551 451 1589 At
467 1553 565 1602 apud
583 1553 673 1590 illos
688 1556 906 1599 contrario,
923 1568 1036 1592 nemo
1050 1555 1096 1592 ad
1115 1554 1152 1591 id
1169 1553 1235 1592 of*

68 1603 197 1641 ficium
214 1605 434 1642 admittitur
449 1629 462 1652 ‚
492 1606 556 1643 nisi
574 1605 729 1644 honesto
746 1607 831 1645 loco
849 1632 862 1654 ,
878 1609 913 1645 ὅ(
931 1608 1004 1646 fide
1021 1632 1033 1653 ‚
1063 1610 1097 1645 ὃ(
1115 1609 1230 1645 iudu-

70 1655 155 1694 stria
186 1662 339 1710 cognita
361 1683 373 1704 ‚
404 1660 502 1712 quod
532 1660 676 1698 neceffe
705 1660 756 1697 est
786 1665 959 1699 omnium
984 1662 1227 1700 consiliorum

67 1725 152 1748 eum
170 1711 242 1749 esse
273 1716 498 1764 participem
516 1742 525 1750 .
556 1712 673 1754 Hunc
690 1714 817 1752 locum
836 1719 961 1753 tenuit
986 1718 1164 1754 amicitiae
1180 1729 1224 1753 a-

65 1766 141 1816 pud
159 1764 382 1817 Philippum
400 1781 520 1805 annos
536 1767 675 1819 septem
694 1796 701 1804 .
733 1766 810 1806 Illo
827 1769 1032 1808 interfefio
1048 1794 1061 1816 ‚
1091 1771 1224 1807 eodem

65 1820 182 1870 gradu
200 1819 275 1857 suit
292 1822 390 1871 apud
409 1821 678 1861 Alexandrum
695 1836 816 1861 annos
839 1822 1022 1862 tredecim
1041 1851 1050 1859 .
1081 1823 1228 1861 Novis-

65 1872 158 1910 fimo
174 1885 346 1925 tempore
376 1875 527 1925 praefuit
543 1879 656 1914 etiam
687 1877 800 1915 alteri
818 1881 989 1928 equitum
1018 1878 1085 1914 alae
1103 1902 1115 1921 ,
1145 1891 1226 1928 quae

64 1925 237 1965 berenice
253 1929 523 1979 appellabatur
539 1958 547 1967 .
579 1929 747 1982 Utrique
762 1944 889 1969 autem
906 1931 1063 1969 consilio
1080 1931 1225 1981 semper

63 1981 175 2018 affuit
191 2005 204 2026 ,
233 1983 266 2019 ὃ(
285 1986 454 2020 omnium
474 1998 596 2021 rerum
614 1985 766 2023 habitus
782 1984 832 2023 est
849 1989 1040 2037 particeps
1054 2012 1062 2020 .

117 2033 167 2071 11·
198 2036 425 2075 Alexandro
442 2036 640 2087 Babylone
655 2051 807 2077 mortuo
824 2063 837 2083 ‚
865 2054 949 2078 cum
969 2053 1079 2090 regna
1100 2039 1224 2090 singu-

64 2085 113 2127 lis
129 2087 385 2131 familiaribus
400 2091 692 2145 dispartireniur
709 2118 722 2142 ³
750 2094 784 2136 ,ὃς
801 2093 945 2136 summa
963 2107 1085 2133 rerum
1103 2093 1227 2130 tradi-

1106 2159 1146 2183 ta
