1714 2719
519 183 562 220 18
673 178 1043 221 CORNELII
1099 179 1416 220 NEPOTIS

467 262 503 299 la
523 285 535 307 ,
565 259 697 297 exfilio
713 260 841 297 decem
858 273 1042 296 annorum
1061 259 1248 296 multatus
1264 258 1315 296 est
1333 287 1340 294 .
1371 257 1624 312 Qui'quidem
1675 258 1679 271 ¹

465 329 550 353 cum
570 313 804 364 intelligeret
822 315 974 362 reprimi
992 315 1222 350 concitatam
1239 313 1534 350 multitudinem
1551 329 1626 353 non

468 368 586 419 polle,
604 366 812 417 cedensque
826 366 1150 404 animadverteret
1164 366 1363 416 quemdam
1383 365 1626 414 scribentem,
1675 377 1679 386 ’

466 434 508 458 ut
526 423 647 470 patria
666 420 872 470 pelleretur
888 445 901 467 ,
931 418 1090 469 quaeslsse
1118 419 1166 456 ab
1184 434 1227 456 eo
1244 419 1386 456 dicitur
1403 444 1415 464 ,
1446 434 1561 470 quare
1589 422 1628 458 id

465 474 606 512 faceret
620 497 632 519 ,
649 486 713 510 aut
730 473 820 524 quid
837 470 1026 523 Aristides
1042 471 1296 517 commisisset,
1312 488 1376 510 cur
1391 485 1498 510 tanta
1515 487 1626 523 poena.

466 528 603 578 dignus
620 528 819 564 duceretur
835 555 843 562 .
873 526 949 564 Cui
968 526 1036 562 ille
1053 525 1272 576 respondit,
1291 525 1326 563 se
1344 529 1518 576 ignorare
1535 527 1631 564 Ari-

467 579 601 618 stidem
621 604 633 625 ,
664 579 724 616 sed
741 579 807 616 fibi
825 595 899 617 non
928 579 1076 630 placere
1093 603 1106 624 ,
1136 580 1236 629 quod
1253 580 1387 629 cupide
1403 579 1630 618 elaborasset

466 647 508 671 ut
526 645 659 683 praeter
683 646 825 670 ceteros
844 633 978 681 Justus
1007 631 1266 682 appellaretur
1281 658 1290 667 .
1322 631 1401 669 Hic
1418 634 1543 670 deceni
1561 647 1630 670 an-
1676 673 1677 676 ,

466 701 602 723 norum
619 687 834 738 legitimam
853 699 1000 736 poenam
1019 700 1094 721 non
1112 685 1272 734 pertulit
1287 713 1294 719 .
1322 700 1409 722 nam
1430 685 1628 737 postquam
1676 722 1678 731 ,

469 739 618 777 Xerxes
635 742 674 775 in
704 737 891 776 Graeciam
910 738 1103 775 descendit
1120 761 1132 782 ,
1162 737 1268 775 sexto
1286 737 1364 775 fere
1395 753 1497 776 anno
1514 753 1628 791 quam

466 805 547 830 erat
565 791 743 843 expulsus
761 816 773 837 ,
790 791 994 842 plebiscito
1013 795 1049 827 in
1067 793 1228 840 patriam
1248 790 1442 829 restitutus
1457 792 1508 829 est
1525 820 1533 828 .
1563 791 1631 829 In·
1676 820 1678 842 ᾗ

466 845 602 883 terfuit
620 857 747 882 autern
767 858 897 896 pugnae
914 845 1045 882 navali
1061 845 1158 894 apud
1180 845 1371 881 Salamina
1389 868 1404 891 ,
1434 858 1512 896 quae
1528 844 1628 884 saaa

465 898 517 936 est
535 902 638 947 prius
655 912 768 949 quam
785 911 893 948 poena
912 899 1160 936 liberaretur.

519 950 569 988 11.
598 950 704 989 Idem
722 964 857 1001 praetor
872 951 947 989 fuit
964 951 1257 988 Atheniensium
1273 951 1374 1001 apud
1405 950 1564 989 Plataeas
1581 954 1622 990 in
1676 954 1678 965 '

465 1005 602 1057 proelio
619 1019 693 1055 quo
709 1005 939 1042 Mardonius
955 1004 1057 1042 fusus
1075 1029 1086 1050 ‚
1105 1005 1423 1056 barbarorumque
1439 1007 1627 1043 exercitus

468 1058 520 1096 est
553 1057 775 1095 interfeElus
792 1085 800 1093 .
831 1057 968 1109 Neque
983 1059 1086 1095 aliud
1106 1056 1155 1094 est
1171 1058 1294 1095 ullum
1312 1059 1422 1108 hujus
1442 1060 1480 1094 in
1499 1072 1537 1095 re
1553 1062 1630 1094 mi·
1673 1077 1678 1109 3

468 1113 576 1149 litari
595 1111 738 1148 illustre
769 1110 912 1148 saelum
930 1136 943 1157 ,
973 1125 1084 1162 quam
1106 1111 1215 1161 hujus
1245 1113 1397 1160 imperii
1413 1114 1595 1148 memoria
1614 1137 1624 1147 .
1675 1123 1677 1127 ’

468 1164 625 1215 Justitiae
643 1179 732 1202 vero
750 1187 762 1209 ,
780 1166 814 1201 &
831 1167 1020 1216 aequitatis
1038 1188 1050 1210 ,
1067 1165 1102 1200 ὃ(
1120 1166 1370 1208 innocentiae,
1400 1163 1522 1200 multa
1542 1191 1550 1199 .
1580 1162 1628 1201 In
1674 1191 1676 1209 ὲ

467 1219 602 1269 primis
619 1241 632 1263 ,
663 1218 761 1268 quod
779 1220 858 1269 ejus
882 1221 1060 1269 aequitate
1076 1216 1215 1254 saelum
1243 1216 1293 1254 est
1311 1241 1323 1263 ,
1352 1231 1437 1254 cum
1468 1219 1506 1253 in
1523 1231 1629 1254 com-
1674 1231 1677 1263 ζ

466 1274 576 1308 muni
593 1271 705 1308 classe
721 1270 810 1309 esset
826 1270 980 1309 Graeciae
996 1271 1104 1307 fimul
1123 1285 1206 1308 cum
1224 1269 1409 1307 Pausania
1428 1294 1441 1316 ,
1467 1283 1542 1321 quo
1558 1270 1627 1307 du·
1673 1281 1677 1320 ξ

468 1340 510 1363 ce
527 1324 757 1361 Mardonius
787 1337 866 1362 erat
881 1324 1034 1376 fugatus
1060 1347 1073 1369 ,
1101 1336 1143 1361 ut
1163 1325 1305 1361 summa
1340 1326 1492 1374 imperii
1507 1326 1626 1361 mari-
1674 1322 1677 1348 ἵ

467 1381 556 1415 timi
585 1392 605 1414 a
638 1377 934 1415 Lacedaemoniis
964 1376 1232 1415 transferretur
1262 1377 1310 1414 ad
1343 1375 1598 1414 Athenienses
1614 1405 1624 1414 .

467 1431 648 1495 Nznique
675 1444 766 1468 ante
789 1433 825 1468 id
842 1444 991 1483 ternpus
1008 1432 1042 1467 ὃ(
1072 1433 1168 1467 mari
1197 1431 1232 1467 ὃ(
1262 1443 1359 1468 terra
1377 1432 1488 1468 duces
1517 1443 1626 1468 erant

469 1484 750 1522 Lacedaemonii
768 1500 775 1522 :
805 1497 885 1523 tum
901 1496 1028 1522 autem
1045 1484 1079 1520 &
1097 1486 1391 1534 intemperantia
1410 1482 1625 1530 Pausaniae,

469 1539 504 1575 &
520 1537 664 1589 justitia
681 1537 821 1574 fai'tum
841 1537 891 1575 est
906 1537 1088 1575 Aristidis
1105 1561 1118 1582 ,
1148 1550 1188 1574 ut
1205 1550 1336 1574 omnes
1352 1537 1430 1574 fere
1446 1539 1627 1575 civitates
1674 1541 1681 1572 Ἰ

466 1590 621 1628 Graeciae
637 1592 684 1627 ad
702 1590 993 1629 Atheniensium
1011 1590 1228 1628 societatem
1245 1590 1281 1628 se
1296 1590 1535 1640 applicarent
1552 1615 1564 1635 ,
1589 1591 1626 1627 &

468 1644 646 1682 adversus
665 1645 841 1682 barbaros
863 1645 930 1681 hos
947 1646 1058 1682 duces
1074 1645 1283 1696 deligerent
1301 1644 1366 1680 fibi
1385 1667 1398 1689 ,
1429 1658 1502 1695 quo
1530 1642 1626 1681 faci-

469 1699 544 1735 lius
561 1698 789 1748 repellerent
807 1723 820 1743 ,
850 1698 873 1735 s1
892 1697 991 1735 sorte
1010 1698 1154 1735 bellum
1172 1711 1354 1734 renovare
1369 1709 1622 1734 conarentur.

521 1749 592 1787 ΙΙΙ.
623 1750 685 1787 Ad
704 1751 833 1789 claffes
850 1751 1086 1789 aedificandas
1098 1776 1110 1796 ,
1127 1751 1387 1801 exercitusque
1401 1763 1628 1800 comparan-

469 1804 537 1841 dos
555 1828 567 1849 ,
598 1816 779 1854 quantum
799 1808 962 1855 pecnniae
981 1819 1132 1856 quaequc
1149 1808 1288 1842 civitas
1318 1805 1423 1841 daret
1441 1827 1454 1850 ,
1483 1802 1627 1841 Aristi·
1672 1812 1674 1815 '

470 1858 534 1894 des
551 1858 716 1894 delectus
733 1857 781 1894 est
800 1863 865 1908 qui
882 1858 1143 1896 constitueret.
1164 1857 1258 1908 Ejus
1274 1857 1432 1894 arbitrio
1444 1857 1627 1908 quadrin·
1671 1849 1674 1891 f

471 1923 583 1962 genta
601 1913 634 1947 ὅ(
654 1911 845 1962 sexaginta
878 1913 1023 1949 talenta
1043 1915 1248 1962 quotannis
1267 1910 1413 1948 Delum
1443 1910 1527 1948 sunt
1546 1911 1628 1947 col-

472 1967 549 2001 lata
569 1991 577 1999 .
609 1965 646 2000 id
664 1968 765 2001 enim
782 1979 981 2002 commune
997 1968 1164 2002 ararium
1183 1965 1255 2002 effe
1272 1965 1475 2002 voluerunt
1493 1991 1501 1999 .
1531 1965 1625 2055 (ξιξ
1672 1961 1673 1968 “

472 2020 597 2054 omnis
615 2022 771 2067 pecunia
790 2017 934 2068 postero
951 2032 1119 2069 tempore
1137 2018 1313 2056 Athenas
1330 2018 1517 2055 translata
1546 2023 1581 2055 el
1612 2043 1626 2056 .

473 2068 554 2109 Hic
571 2085 641 2121 qua
674 2070 790 2110 suerit
820 2071 1046 2111 abstinentia
1067 2097 1079 2119 ,
1110 2073 1259 2111 nullum
1289 2071 1340 2111 est
1370 2074 1508 2112 certius
1526 2072 1633 2109 indi-

1443 2138 1542 2165 (lum
1559 2148 1574 2170 3
