1714 2719
239 120 288 158 T.
318 113 751 157 POMPONIUS
787 111 1139 153 ATTICUS.
1175 127 1246 163 123

129 202 304 241 infinitas
321 202 591 250 occupationes
609 222 622 243 ,
651 201 780 235 minus
797 195 889 247 saepe
906 210 1019 248 quam
1040 195 1160 233 vellet
1176 218 1189 239 ,
1221 193 1299 232 At-

128 261 208 296 tico
239 255 426 293 frueretur
442 277 456 299 ,
494 250 625 289 nullus
643 253 725 288 dies
743 264 885 288 temere
904 249 1108 288 interceflit
1126 264 1201 300 quo
1219 263 1297 286 non

128 312 176 348 ad
194 324 278 348 eum
311 307 486 346 scriberet
503 329 517 351 ,
546 320 622 357 quo
640 320 716 342 non
735 304 885 355 aliquid
903 305 950 341 de
978 306 1218 354 antiquitate
1248 302 1300 340 ab

128 381 174 403 eo
204 365 435 415 requireret:
466 360 583 397 modo
595 359 766 410 aliquam
785 356 1028 408 quaestioncm
1048 360 1241 407 poeticam
1259 359 1296 393 ei

129 429 360 470 proponeret
377 438 392 460 9
422 414 614 451 interdum
631 415 763 464 jocans
781 415 861 463 ejus
879 411 1112 449 verbosiores
1143 411 1300 448 eliceret

130 471 311 523 epistolas
328 497 336 505 .
371 468 429 505 Ex
447 481 524 519 quo
539 468 682 506 accidit
700 491 713 510 ,
743 480 828 504 cum
846 466 941 503 aedes
965 465 1074 515 Jovis
1104 463 1301 507 Feretrii,

129 531 167 563 in
183 523 388 574 Capitolio
402 521 452 559 ab
485 521 665 560 Romulo
698 520 905 558 constituta
925 543 939 564 ‚
969 517 1160 556 vetustate
1182 530 1300 568 atque

129 581 274 616 incuria
309 576 455 614 deteeia
476 600 489 621 ,
518 576 784 627 prolaberetur
800 598 813 620 ‚
847 586 887 611 ut
905 572 1035 610 Attici
1062 573 1266 610 admonitu
1284 594 1300 615 ,

124 630 249 669 Caesar
264 644 348 668 earn
366 630 613 668 reficiendam
630 640 779 666 curaret
792 656 801 664 .
820 627 958 679 Neque
971 641 1062 664 vero
1079 626 1127 664 ab
1144 624 1301 663 M-An-

125 687 236 723 tonio
251 687 380 722 minus
395 682 531 722 absens
549 684 677 721 literis
694 683 917 721 colebatur:
947 682 1044 719 adeo
1061 693 1102 718 ut
1118 691 1299 718 accurate

129 741 198 777 ille
214 738 320 776 exsul
341 751 423 775 tum
443 739 501 775 his
520 740 632 775 terris
650 761 663 781 5
694 738 785 788 quid
802 747 930 788 ageret
948 760 962 781 ,
1020 736 1085 772 uid
1104 748 1199 772 curae
1231 732 1297 770 stbi

127 793 283 830 haberet
302 817 315 838 ,
344 795 548 829 certiorem
579 791 723 829 faceret
742 790 922 828 Atticum
940 817 949 824 .
982 750 1071 826 stoc
1091 788 1206 840 quale
1222 786 1265 824 sit
1282 810 1299 830 ‚

126 847 281 884 facilius
298 845 535 882 existimabit
556 849 586 882 is
604 849 668 895 qui
685 846 854 894 judicare
874 846 1021 893 poterit
1039 866 1053 886 ‚
1085 853 1236 892 quantae
1253 840 1299 878 fit

125 900 320 950 sapientiae
337 923 351 945 ,
381 913 510 936 eorum
526 901 693 936 retinere
709 897 815 934 usum
830 921 843 943 ,
874 896 1266 945 benevolentiamque
1281 916 1296 937 ‚

125 956 226 990 inter
245 967 339 1003 quos
355 955 614 989 maximarum
634 965 758 989 rerum
775 965 857 988 non
875 949 999 986 solum
1017 946 1299 990 aemulatio‚sed

124 1006 354 1045 obtreffitio
370 1018 480 1044 tanta
501 1004 762 1043 intercedebat
780 1028 793 1050 ,
826 1014 1013 1055 quantam
1035 999 1109 1038 fuit
1130 1000 1300 1037 incidere

123 1060 270 1098 necesse
288 1063 388 1098 inter
403 1059 591 1098 Caesarem
609 1072 726 1110 atque
742 1057 966 1095 Antonium
983 1079 997 1102 ‚
1027 1068 1113 1092 eum
1133 1053 1169 1091 se
1195 1066 1300 1091 uter-

123 1128 197 1166 que
214 1116 428 1166 principem
449 1128 527 1149 non
557 1113 681 1150 solum
711 1111 816 1149 urbis
849 1110 1042 1149 Romanae
1068 1131 1082 1154 ,
1112 1106 1174 1145 sed
1192 1107 1298 1145 orbis

123 1181 220 1204 terra
229 1181 309 1203 rum
331 1165 405 1203 effe
421 1177 575 1215 cuperet
593 1192 602 1200 .

176 1218 294 1256 XXI.
317 1218 409 1255 Tali
424 1219 541 1255 modo
557 1231 644 1255 cum
661 1215 796 1253 VIL&
814 1216 951 1256 LXX.
964 1229 1087 1253 annos
1103 1212 1298 1264 comples-

122 1273 178 1311 set
197 1297 210 1319 ,
239 1285 356 1323 atque
370 1271 419 1308 ad
436 1283 653 1309 extremam
672 1270 904 1307 senee‘tmem
924 1283 1003 1306 non
1020 1272 1150 1306 minus
1166 1270 1298 1320 digni-

121 1340 204 1364 tate
220 1340 333 1377 quam
351 1327 474 1377 gratia
493 1324 729 1376 fortunaque
744 1322 920 1361 crevisset
945 1347 958 1369 ,
987 1323 1004 1374 (
1028 1323 1173 1360 multas
1190 1325 1296 1360 enim

123 1381 358 1418 hereditates
377 1380 486 1416 nulla
502 1380 583 1416 alia
602 1393 642 1416 re
657 1391 773 1429 quam
793 1378 968 1415 bonitate
986 1401 998 1423 ,
1030 1376 1082 1414 est
1114 1375 1297 1414 consecu-

124 1448 185 1472 tus
202 1435 216 1483 )
234 1446 421 1485 tantaque
437 1433 693 1485 prosperitate
722 1431 809 1469 usus
836 1429 927 1469 esset
946 1431 1190 1469 valetudinis
1209 1454 1223 1475 ,
1252 1441 1296 1466 ut

124 1501 245 1525 annos
261 1490 423 1538 triginta
454 1488 647 1525 medicina
681 1501 758 1523 non
793 1484 1016 1537 indiguisset
1037 1499 1048 1530 ε,
1080 1485 1213 1522 nactus
1243 1482 1295 1520 est

126 1541 303 1579 morbum
322 1565 335 1587 ,
353 1555 464 1592 quem
486 1544 602 1579 initio
618 1541 654 1577 ὅ(
672 1539 752 1592 ipse
766 1540 801 1577 &
821 1541 962 1578 medici
981 1538 1266 1577 contemserunt
1283 1563 1294 1573 .

124 1610 212 1633 nam
234 1597 418 1646 putarunt
435 1594 508 1632 effe
525 1594 746 1633 tenesmon:
782 1596 842 1631 cui
860 1594 1025 1632 remedia
1039 1593 1178 1631 celeria
1197 1590 1298 1629 faci·
1315 1623 1318 1625 ,

127 1651 255 1701 liaque
272 1649 586 1699 proponebantur
600 1677 608 1685 .
625 1647 670 1686 In
689 1649 760 1686 hoc
776 1662 862 1686 cum
883 1660 958 1686 tres
974 1646 1124 1685 menses
1143 1646 1220 1683 fine
1235 1645 1298 1682 ul-

125 1704 174 1740 lis
191 1702 388 1740 doloribus
402 1727 414 1749 ,
435 1716 686 1754 praeterquam
705 1716 798 1754 quos
817 1715 861 1739 ex
880 1705 1078 1739 curatione
1094 1699 1269 1751 capiebat
1282 1721 1297 1743 ,

125 1755 382 1794 consumsisset
402 1770 413 1801 3
446 1755 572 1794 subito
589 1769 696 1794 tanta
720 1760 778 1794 vis
795 1758 919 1793 morbi
940 1759 976 1792 in
995 1769 1112 1792 unum
1146 1752 1297 1791 intesti-

123 1825 216 1847 num
234 1814 408 1861 prorupit
426 1834 439 1855 ,
469 1822 510 1847 ut
533 1822 707 1847 extremo
725 1821 898 1860 tempore
916 1823 982 1859 per
999 1808 1151 1846 lumbos
1170 1806 1294 1844 fistula

124 1867 248 1915 putris
283 1866 450 1914 eruperit
468 1891 477 1899 .
508 1862 644 1915 Atque
673 1864 744 1902 hoc
767 1862 987 1914 priusquam
1019 1866 1054 1900 ei
1071 1861 1262 1900 accideret
1282 1882 1297 1904 ‚

122 1917 323 1968 postquam
362 1921 400 1954 in
418 1918 499 1954 dies
516 1918 668 1955 dolores
694 1916 902 1955 accrescere
919 1940 932 1962 ,
962 1915 1160 1967 febresque
1175 1912 1299 1952 acces-

123 1970 202 2008 slsse
220 1971 329 2008 sensit
351 1995 364 2016 ‚
394 1971 611 2022 Agrippam
628 1985 810 2023 generum
827 1971 874 2008 ad
910 1970 946 2007 se
975 1970 1138 2007 arcessiri
1166 1967 1266 2020 jussit
1282 1990 1298 2012 ‚

125 2026 161 2061 &
178 2040 262 2063 cum
281 2039 325 2063 eo
352 2023 398 2062 L.
416 2024 646 2063 Cornelium
681 2025 844 2063 Balbum
862 2049 876 2072 ,
905 2025 1141 2076 Sextumque
1176 2022 1299 2059 Pedu-

1127 2089 1245 2117 caeum
