1714 2719
538 146 584 172 12
691 133 1061 173 CORNELII
1115 135 1429 176 NEPOTIS

479 215 644 253 totidem
660 228 775 252 naves
791 217 964 252 triremes
983 229 990 251 :
1007 213 1146 266 suaque
1161 219 1289 253 omnia
1307 231 1385 268 quae
1403 219 1548 256 moveri
1567 232 1638 271 po-
1667 213 1670 258 Ξ

479 279 606 306 terant
623 291 636 314 ‚
664 270 803 318 partim
821 269 1051 305 Salaminem
1069 292 1081 313 ,
1111 273 1251 319 partim
1271 269 1491 308 Troezenem
1506 273 1635 324 aspor-
1668 313 1671 325 Ι

479 332 590 359 tant:
619 335 742 358 arcem
762 320 1015 358 sacerdotibus
1045 321 1246 373 paucisque
1275 323 1480 373 majoribus
1511 337 1602 363 natu
1618 351 1632 372 ,

477 388 522 412 ac
539 374 639 413 sacra
656 375 889 425 procuranda
905 375 1060 412 tradunt
1074 390 1081 412 ;
1113 375 1302 427 reliquum
1318 378 1501 427 oppidum
1516 379 1634 415 relin-
1668 371 1671 377 ⁷

475 439 599 479 quunt
615 454 624 463 .

530 479 600 517 III.
631 478 758 532 Hujus
790 479 986 518 confilium
1003 480 1192 532 plerisque
1221 482 1442 521 civitatibus
1458 482 1635 535 displice-

474 533 542 571 bat
560 558 572 580 ,
603 535 692 571 &in
709 546 805 571 terra
822 536 997 571 dimicari
1013 538 1133 585 inagis
1150 535 1324 585 placebat
1341 563 1349 572 .
1379 535 1514 587 Itaque
1536 538 1633 574 missi

475 586 561 624 sunt
579 587 715 624 delesti
731 601 816 624 cum
834 586 1006 624 Leonida
1025 587 1397 626 Lacedaemoniorum
1423 604 1508 640 rege
1523 614 1536 636 ,
1565 594 1630 641 qui

477 639 757 690 Thermopylas
774 652 1000 690 occuparent
1019 664 1031 685 ,
1049 640 1272 692 longiusque
1289 642 1464 680 barbaros
1481 657 1633 695 progre-

475 694 515 730 di
533 707 606 730 non
625 704 842 743 paterentur
857 719 866 727 .
898 690 955 729 Hi
973 696 1050 730 vim
1077 693 1238 730 hostium
1254 708 1328 732 non
1347 694 1598 734 sustinuerunt
1616 721 1629 742 ,
1671 721 1673 746 ,1

473 760 595 796 eoque
623 747 709 783 loco
738 759 869 782 omnes
899 747 1124 783 interierunt
1142 773 1151 781 .
1181 745 1238 783 At
1267 747 1385 785 claffis
1415 753 1628 786 communis
1670 755 1673 769 ⁴

474 797 627 836 Graeciae
642 810 894 837 trecentarum
909 801 1064 836 navium
1083 823 1095 844 ,
1126 801 1163 835 in
1181 812 1251 849 qua
1269 800 1435 837 ducentae
1452 815 1556 839 erant
1573 801 1632 839 A-
1672 827 1673 830 =

474 851 726 889 thenienfium
740 876 751 897 ,
769 854 933 902 primum
949 853 1048 902 apud
1063 852 1310 890 Artemisium
1328 856 1428 891 inter
1445 853 1627 892 Euboeam
1672 866 1673 872 ¹

474 908 814 955 continentemque
842 917 979 942 terram
997 919 1080 942 cum
1098 905 1289 944 claffiariis
1313 910 1410 957 regis
1427 909 1599 945 conflixit
1616 937 1625 946 .

473 957 663 1009 angustias
680 962 781 995 enim
802 957 1074 995 Themistocles
1092 959 1278 1009 quaerebat
1295 984 1308 1004 ,
1338 974 1384 997 ne
1407 962 1626 998 multitudi-
1671 962 1675 994 ἲ

473 1025 520 1049 ne
547 1014 806 1048 circumiretur
823 1039 831 1046 .
864 1009 970 1048 Hinc
999 1011 1062 1048 etfi
1093 1014 1173 1061 pari
1202 1012 1338 1061 proelio
1356 1012 1592 1050 discesserant
1611 1038 1624 1058 ‚
1672 1016 1675 1046 ἕ

472 1076 601 1101 tamen
617 1064 748 1102 eodem
765 1064 850 1102 loco
867 1079 940 1102 non
958 1064 1042 1102 sunt
1059 1065 1132 1101 ausi
1149 1079 1299 1102 manere
1317 1089 1328 1110 ,
1347 1067 1447 1116 quod
1463 1080 1541 1103 erat
1562 1081 1626 1116 pe·
1671 1066 1675 1100 i

469 1117 634 1155 ticulum
652 1141 666 1163 ‚
694 1133 741 1155 ne
755 1141 768 1162 ,
797 1117 824 1154 fi
838 1130 923 1167 pars
940 1121 1096 1156 navium
1112 1117 1410 1155 adversariorum
1439 1118 1622 1156 Euboeam

473 1169 696 1221 superasset,
710 1173 870 1220 ancipiti
887 1183 1143 1222 premerentur
1160 1172 1346 1221 periculo.
1377 1173 1466 1228 Qo
1483 1171 1622 1209 factum

471 1224 524 1262 est
541 1248 554 1269 ‚
584 1236 625 1261 ut
657 1224 705 1260 ab
721 1223 926 1261 Artemisio
954 1224 1183 1262 discederent
1202 1248 1214 1266 ‚
1244 1225 1278 1261 ὃ(
1307 1224 1550 1262 exadversum
1567 1225 1626 1263 A·

475 1279 609 1316 thenas
625 1278 722 1327 apud
741 1278 931 1314 Salamina
949 1277 1100 1315 classem
1119 1277 1220 1314 suam
1236 1277 1504 1316 constituerent
1522 1305 1531 1314 .
1674 1310 1675 1324 3

521 1329 592 1367 IV.
624 1329 678 1367 At
696 1329 842 1367 Xerxes
860 1354 872 1376 ,
892 1330 1161 1380 Thermopylis
1177 1334 1403 1381 expugnatis
1421 1355 1433 1376 ,
1450 1334 1624 1381 protinus

468 1383 614 1421 uceffit
631 1382 726 1420 Astu
743 1407 756 1428 ,
786 1385 900 1433 idque
928 1385 1047 1421 nullis
1064 1383 1354 1421 defendentibus
1372 1408 1384 1430 ,
1415 1384 1625 1422 interfeSHS
1672 1388 1675 1427 ἶ

470 1437 726 1474 sacerdotibus
743 1450 835 1487 quos
851 1439 890 1473 in
907 1451 990 1474 arce
1008 1441 1205 1475 invenerat
1217 1461 1230 1483 5
1260 1438 1434 1474 incendio
1451 1438 1596 1476 delevit
1613 1442 1622 1474 ς

468 1489 588 1541 Cujus
604 1489 704 1527 fama
737 1493 927 1540 perterriti
953 1491 1127 1528 claffiarii
1145 1515 1158 1536 ‚
1187 1505 1273 1528 cum
1289 1504 1439 1528 manere
1454 1506 1529 1528 non
1558 1506 1627 1528 au-

468 1545 600 1581 derent
618 1566 631 1589 ,
660 1545 695 1579 &
710 1543 867 1593 plurimi
896 1544 1137 1581 hortarentur
1165 1557 1205 1581 ut
1231 1546 1362 1581 domos
1397 1543 1479 1581 suas
1508 1544 1627 1582 disce-

467 1597 599 1634 derent
616 1620 630 1642 ‚
659 1595 919 1647 moenibusque
936 1596 970 1634 se
985 1596 1229 1635 defenderent
1247 1622 1260 1644 ,
1291 1597 1565 1636 Themistocles
1583 1613 1626 1636 u-

468 1664 539 1687 nus
569 1649 705 1687 restitit
721 1674 735 1696 5
764 1651 800 1686 St
823 1649 1017 1688 universos
1033 1650 1105 1688 effe
1135 1664 1241 1700 pares
1257 1650 1411 1703 ajebat,
1440 1650 1624 1701 dispersos
1673 1655 1675 1659 ’

469 1702 675 1743 testabatur
691 1705 878 1752 perituros
890 1731 898 1738 .
929 1701 1047 1754 quue
1063 1703 1276 1753 Eurybiadi
1293 1707 1369 1756 regi
1386 1704 1626 1742 Lacedaemo-

468 1759 619 1794 niorum
639 1779 652 1801 ,
680 1760 744 1806 qui
764 1769 845 1793 tum
876 1756 1024 1794 summae
1041 1760 1192 1809 imperii
1216 1769 1369 1809 praeerat
1387 1782 1399 1804 ,
1428 1756 1508 1795 sore
1524 1759 1627 1795 affir-
1674 1762 1675 1766 ’

469 1809 598 1847 mabat
616 1836 624 1845 .
654 1811 778 1870 Qem
797 1823 879 1846 cum
896 1813 1021 1848 minus
1038 1825 1149 1861 quam
1169 1813 1288 1849 vellet
1305 1835 1318 1857 ,
1337 1822 1508 1849 moveret
1524 1835 1536 1857 ,
1554 1826 1625 1849 no-
1673 1815 1676 1858 ζ

468 1863 530 1901 δὶα
555 1864 602 1900 de
617 1861 733 1900 servis
752 1863 823 1899 suis
841 1877 950 1913 quem
969 1864 1100 1901 habuit
1116 1864 1369 1902 fideliffimum
1386 1889 1399 1910 ,
1431 1865 1477 1901 ad
1496 1878 1619 1916 regem
1674 1863 1675 1871 ¹

466 1915 568 1953 milit
586 1939 599 1964 ,
627 1927 669 1952 ut
685 1919 719 1952 ei
736 1921 928 1954 nuntiaret
946 1916 1019 1954 suis
1042 1917 1163 1956 verbis
1179 1942 1192 1964 ,
1221 1917 1455 1956 adversarios
1472 1919 1550 1968 ejus
1579 1921 1619 1954 in
1673 1942 1676 1964 ξ

467 1968 556 2020 fuga
574 1968 670 2007 esse:
700 1973 764 2020 qui
782 1970 805 2005 sl
823 1969 1060 2008 disceffiffent
1078 1994 1090 2018 ,
1119 1974 1262 2022 majore
1285 1985 1369 2009 cum
1399 1971 1528 2008 labore
1543 1995 1556 2017 ‚
1585 1972 1623 2008 &
1673 1966 1676 1976 ’

466 2022 736 2075 longinquiore
759 2036 928 2075 tempore
958 2023 1101 2066 bellum
1130 2024 1388 2069 constiturum
1406 2048 1418 2074 ‚
1449 2038 1532 2115 cunl1
1550 2024 1623 2062 sm-
1673 2037 1676 2084 ἑ

1462 2091 1510 2130 gu
1531 2091 1571 2116 οε
