1714 2719
472 131 543 162 124
598 115 817 156 CORN.
848 117 1002 157 NEP.
1061 119 1422 162 ATTICUS.

418 215 533 240 caeum
554 227 563 235 .
594 197 682 236 Hos
712 208 755 234 ut
785 197 928 236 venisse
957 199 1059 237 vidit
1076 224 1089 246 ,
1120 202 1160 238 in
1190 201 1363 239 cubitum
1396 206 1549 247 innixus
1568 232 1584 251 ,

420 258 609 308 Qantam
625 277 638 300 ,
670 252 799 302 inquit
816 275 829 297 ‚
857 265 978 288 curam
1004 251 1299 301 diligentiamque
1314 258 1354 290 in
1377 257 1582 298 valetudine

413 322 490 345 mea
505 305 640 344 tuenda
654 306 715 343 boc
743 315 890 354 tempore
905 304 1123 343 adhibuerim
1141 331 1152 354 ,
1181 322 1260 344 cum
1275 322 1336 345 vos
1366 311 1466 357 test'es
1483 312 1583 350 habe-

414 375 471 399 am
486 386 499 408 ,
528 359 626 397 nihil
645 369 728 410 opus
756 359 802 407 est
827 359 989 409 pluribus
1005 360 1118 397 verbis
1132 374 1388 399 commemorare
1406 391 1413 399 .
1446 366 1582 417 Qibus

413 417 580 463 quoniam
597 438 610 460 ,
639 426 683 452 ut
704 413 802 463 spero
818 437 830 459 ,
851 412 1021 462 satisfeci
1039 439 1052 460 ‚
1081 414 1240 463 nihilque
1254 415 1384 463 reliqui
1401 417 1479 465 feci
1494 420 1588 466 quod

411 468 462 506 ad
468 467 673 518 sanandum
685 481 738 504 me
766 469 957 517 pertineret
973 491 985 513 ,
1016 466 1192 515 reliquum
1207 470 1254 517 est
1283 481 1326 506 ut
1354 483 1480 518 egomet
1494 473 1585 509 mihi

411 521 612 572 consulam.
643 521 690 559 Id
710 534 770 558 vos
802 523 956 568 ignorare
984 519 1083 555 nolui
1101 550 1109 556 .
1140 535 1222 559 nam
1245 522 1334 559 mibi
1353 525 1434 571 stat
1453 550 1465 572 ,
1494 526 1586 562 alere

411 576 562 614 morbum
575 575 720 621 desinere
736 602 744 610 .
775 579 942 620 Namque
956 571 1012 608 his
1027 574 1148 611 diebus
1164 576 1345 622 quidquid
1371 578 1441 614 cibi
1447 579 1561 627 sams?
1571 603 1584 623 ,

413 633 471 666 ita
498 627 653 679 produxi
669 631 789 664 vitam
806 650 819 672 ,
849 637 891 662 ut
907 630 1067 662 auxerim
1090 627 1221 665 dolores
1242 630 1318 674 sine
1339 631 1398 678 site
1418 632 1555 679 salutis
1574 661 1581 667 .

413 686 533 736 Qare
547 697 571 718 a
586 680 684 719 vobis
695 691 776 730 peto
787 682 940 729 primum
955 690 998 715 ut
1012 680 1190 726 consilium
1200 682 1353 730 probetis
1367 696 1479 720 meum
1498 701 1510 721 :
1528 685 1586 722 de-

414 737 496 773 inde
511 735 702 782 neftustra
717 732 931 771 dehortando
945 736 1117 769 conemini
1134 762 1142 769 .

468 788 609 827 XXII.
641 786 731 826 Hac
748 791 923 826 oratione
939 786 1071 824 habita
1090 811 1103 834 ‚
1123 800 1230 826 tanta
1248 788 1460 827 constantia
1481 795 1587 830 vocis

413 855 532 895 atque
554 842 688 881 vultus
705 866 719 886 ,
736 854 778 878 ut
793 856 872 879 non
890 854 936 878 ex
954 843 1036 878 vita
1055 865 1068 886 ,
1099 840 1162 879 sed
1179 855 1224 880 ex
1242 845 1356 881 domo
1374 847 1413 880 in
1432 844 1588 882 domum

415 899 614 936 videretur
649 897 816 945 migrare
832 919 846 941 3
875 909 961 932 curn
982 895 1138 945 quidem
1155 895 1331 948 Agrippa
1350 911 1435 934 eum
1453 923 1466 944 ‚
1496 900 1589 936 flens

416 963 535 1002 atque
583 948 759 986 osculans
791 973 806 995 ,
844 960 968 986 oraret
999 960 1117 999 atque
1152 949 1364 989 obsecraret
1393 965 1441 989 ne
1469 953 1517 989 ad
1549 953 1587 989 id

412 1004 516 1055 quod
535 1014 671 1039 natura
690 1013 842 1053 cogeret
861 1025 873 1047 ,
904 1001 984 1051 ipse
1000 1015 1152 1052 quoque
1168 1003 1235 1040 fibi
1265 1004 1495 1042 acceleraret
1513 1021 1521 1043 ι
1553 1007 1588 1042 &

414 1059 600 1108 quoniam
617 1067 701 1092 tum
720 1069 873 1105 quoque
899 1054 1019 1105 poffet
1053 1057 1292 1104 temporibus
1310 1056 1492 1108 superesse
1509 1082 1522 1103 ‚
1553 1058 1588 1096 se

412 1110 481 1148 fibi
499 1107 647 1159 suisque
664 1106 873 1145 reservaret
892 1120 905 1151 ι,
936 1120 1064 1156 preces
1081 1109 1160 1157 ejus
1178 1112 1371 1145 taciturna
1391 1109 1452 1146 sua
1475 1109 1591 1148 obsti-

414 1165 575 1201 natione
591 1160 806 1212 compreffit
824 1189 832 1197 .
865 1161 926 1196 Sic
942 1175 1030 1198 cum
1048 1160 1206 1197 biduum
1223 1161 1310 1199 cibo
1334 1161 1372 1199 se
1387 1162 1589 1201 abstinuis-

413 1216 468 1254 set
485 1240 499 1263 ,
528 1215 654 1253 subito
671 1214 790 1253 febris
807 1213 957 1252 deceffit
975 1239 988 1259 ,
1019 1215 1222 1265 leviorque
1241 1214 1395 1253 morbus
1416 1215 1489 1254 effe
1516 1232 1592 1255 coe-

416 1273 476 1322 pit
495 1297 503 1305 .
534 1281 665 1307 tamen
688 1267 926 1319 propofitum
956 1268 1083 1305 nihilo
1113 1267 1233 1306 secius
1249 1273 1397 1321 peregit
1415 1297 1423 1305 .
1453 1268 1591 1322 Itaque

415 1325 479 1361 die
495 1326 634 1373 quinto
650 1321 852 1373 postquam
869 1324 908 1360 id
936 1321 1137 1360 confilium
1165 1325 1305 1361 in‘ierat
1323 1346 1336 1368 ,
1365 1324 1488 1373 pridie
1502 1324 1593 1361 Cal.

416 1378 550 1428 April.
582 1376 657 1413 Cn.
690 1374 872 1413 Domitio
889 1400 902 1422 ‚
930 1375 977 1413 C.
995 1374 1097 1413 Soslo
1113 1374 1225 1413 Coss.
1246 1399 1260 1421 ,
1287 1376 1438 1414 deceffit
1454 1405 1463 1412 .
1494 1377 1593 1415 Ela-

416 1443 478 1468 tus
496 1429 606 1468 estin
638 1428 818 1468 lefficula
837 1453 850 1476 ‚
878 1442 921 1467 ut
947 1428 1027 1479 ipse
1056 1428 1335 1480 praescripserat
1355 1455 1368 1476 ,
1398 1430 1474 1468 fine
1504 1431 1589 1469 ulla

414 1498 557 1536 pompa
574 1483 721 1522 funeris
738 1508 752 1531 ,
769 1483 1047 1522 comitantibus
1064 1483 1243 1521 omnibus
1264 1482 1374 1521 bonis
1394 1508 1406 1530 ,
1420 1488 1590 1522 maxima

416 1539 527 1590 vulgi
557 1537 777 1589 frequentia
794 1565 802 1573 .
835 1538 1014 1590 Sepultus
1044 1536 1095 1574 est
1110 1539 1220 1588 juxta
1259 1539 1366 1574 viam
1385 1537 1558 1588 Appiam
1578 1563 1592 1585 ³

417 1593 466 1629 ad
483 1594 662 1643 quintum
679 1591 882 1644 lapidem,
909 1594 950 1631 in
979 1602 1232 1631 monumento
1264 1591 1483 1653 QCaecilii
1506 1616 1520 1638 ,
1549 1606 1591 1629 a·
1644 1640 1647 1642 q

425 1646 590 1684 vunculi
608 1644 664 1684 sui
681 1674 690 1682 .

1401 2075 1538 2115 COR-
