1714 2719
286 171 793 213 TlMoLEoN.
887 173 996 212 xx.
1122 188 1171 225 93

59 274 163 302 retur
182 288 192 297 .
222 259 362 298 Arcem
380 258 567 308 syracufis
585 282 598 304 ‚
629 272 741 310 quam
772 260 992 297 muniverat
1009 257 1221 307 Dionysius

60 316 107 354 ad
125 316 253 353 urbem
271 313 511 351 obsidendam
531 336 544 357 ,
573 326 592 348 a
611 310 874 350 fundamentis
890 313 1041 363 disjecit
1060 328 1067 350 :
1098 324 1224 352 cetera

61 368 279 420 tyrannidis
296 366 582 418 propugnacula
600 365 808 403 demolitus
825 364 877 403 est
893 379 904 410 ς
935 367 1117 418 deditque
1133 381 1226 418 ope-

62 437 142 461 ram
159 435 199 460 ut
220 434 332 473 quam
349 423 510 457 minime
538 419 657 455 multa
679 418 836 471 vestigia
869 418 1065 458 servitutis
1092 434 1224 458 manc-

62 490 146 514 rent
164 503 172 512 .
201 474 301 512 Cum
319 475 438 511 tantis
455 472 544 510 cffet
561 473 696 523 opibus
715 497 728 517 a
755 485 797 510 ut
813 476 930 511 etiam
950 476 1084 511 invitis
1103 477 1224 526 impe-

61 544 144 568 rare
161 527 279 580 posset
297 551 310 573 ‚
341 539 493 564 tantum
522 538 650 563 autem
673 526 827 564 haberet
855 540 1023 564 amorem
1050 531 1222 565 omnium

61 583 273 621 Siculorum
292 605 304 626 ‚
334 594 375 618 ut
394 581 502 618 nullo
520 580 714 618 recusante
730 595 884 632 regnum
901 581 1091 619 obtineret
1112 596 1123 626 ς
1141 596 1228 619 ma-

60 637 135 674 luit
153 635 188 674 se
202 636 316 686 diligi
333 648 445 685 quam
463 637 583 671 metui
601 661 609 669 .
641 632 776 685 Itaque
791 649 876 672 cum
895 638 1059 685 primum
1078 639 1230 685 potuit,

61 693 265 741 imperium
282 688 457 739 deposuit
474 711 487 734 ,
517 689 552 725 ὃ(
583 691 755 737 privatus
785 688 973 737 Syracusis
1001 690 1101 740 quod
1135 689 1229 726 reli-

62 757 179 796 quum
199 746 284 780 vitae
302 740 375 778 fuit
393 766 407 787 ,
425 745 524 778 vixit
542 770 549 776 .
582 741 719 793 Neque
735 756 824 779 vero
842 743 878 779 id
899 746 1073 793 imperite
1103 741 1196 780 fecit
1212 771 1229 780 -

63 811 153 835 nam
173 797 271 848 quod
289 798 404 833 ceteri
422 809 525 846 reges
545 798 704 845 imperio
722 808 929 846 potuerunt
947 820 959 842 5
978 796 1039 834 hic
1056 797 1230 834 benevo-

63 853 184 890 lentia
202 852 326 888 tenuit
340 876 348 884 .
379 847 525 886 Nullus
543 849 662 886 honos
680 850 767 887 huic
782 849 926 887 defuit:
958 864 1079 902 neque
1095 849 1225 901 postea

63 903 250 954 Syracusis
266 917 322 940 res
338 903 416 938 ulla
435 901 533 953 gesta
553 901 603 938 est
634 903 784 951 publica
803 904 849 940 de
865 917 935 953 qna
970 907 1073 953 prius
1100 904 1143 940 sit
1160 904 1231 941 de-

61 970 207 997 cretum
223 970 335 1008 quam
357 954 618 992 Timoleontis
635 956 822 992 sententia
849 961 1001 1007 cognita
1021 984 1029 992 .
1061 956 1225 995 Nullius

60 1025 239 1063 umquam
256 1009 454 1047 confilium
473 1022 547 1045 uon
565 1009 678 1046 modo
694 1009 908 1046 antelatum
927 1033 940 1054 ‚
970 1010 1029 1046 sed
1048 1024 1094 1047 ne
1121 1024 1230 1047 com-

61 1077 238 1117 paratum
256 1063 409 1115 quidem
428 1061 478 1099 est
495 1089 504 1097 .
536 1076 657 1113 neque
675 1063 710 1099 id
730 1065 854 1114 magis
879 1062 1149 1101 benevolentia
1167 1063 1229 1101 sa-

62 1119 164 1157 e'ium
183 1116 234 1156 est
252 1130 364 1168 quam
382 1115 583 1167 prudentia
603 1143 612 1151 .

115 1170 188 1210 lv.
221 1169 299 1207 Hic
316 1183 400 1207 cum
430 1180 539 1206 aetate
553 1171 630 1220 jam
663 1169 864 1219 Ρτονεὲὶυε
889 1169 983 1208 esset
997 1194 1010 1216 ,
1040 1170 1116 1208 fine
1143 1170 1228 1208 ullo

63 1225 196 1263 morbo
211 1225 360 1262 lumina
378 1223 575 1259 oculorum
593 1223 717 1260 amisit
735 1252 742 1258 .
762 1237 874 1274 quam
892 1224 1152 1261 calamitatem
1172 1227 1225 1262 ita

62 1278 258 1315 moderate
276 1277 367 1313 tulit
381 1299 394 1320 ,
412 1286 452 1311 ut
470 1288 592 1326 neque
608 1289 694 1313 eum
711 1289 930 1328 querentem
945 1277 1142 1328 quisquam
1159 1292 1229 1314 :iu-

61 1333 177 1370 dicrit
195 1355 207 1376 ,
239 1343 359 1380 neque
376 1331 563 1366 eominus
578 1332 743 1380 privatis
772 1330 1012 1382 publicisque
1042 1331 1149 1368 rebus
1168 1334 1228 1368 in-

62 1384 237 1423 terfuerit
256 1411 265 1419 .
297 1381 489 1421 Veniebat
504 1395 638 1420 autem·
651 1386 690 1420 in
707 1384 900 1421 theatrum
920 1409 932 1430 ,
962 1399 1047 1422 cum
1067 1385 1118 1422 ibi
1136 1400 1229 1422 con-

66 1440 196 1477 cilium
214 1437 349 1489 populi
369 1435 599 1480 haberetur,
629 1449 785 1488 propter
803 1439 1064 1476 valetudinem
1096 1438 1225 1477 vet-Cius

63 1495 246 1545 jumentis
261 1491 402 1543 juns'stis
421 1514 434 1536 ,
463 1503 578 1541 atque
595 1493 647 1527 ita
674 1492 720 1528 de
737 1491 915 1529 vehiculo
932 1506 1011 1542 quae
1043 1493 1229 1530 videban-

67 1559 130 1584 tur
143 1546 292 1583 dicebat
311 1573 318 1580 .
349 1543 488 1595 Neque
506 1545 577 1582 hoc
595 1545 656 1581 illi
675 1544 873 1596 quisquam
892 1545 1083 1584 tribuebat
1101 1545 1230 1597 super-

66 1600 133 1638 biae
151 1627 159 1635 .
191 1599 289 1636 ni'nil
307 1600 410 1636 enim
427 1612 606 1649 umquam
625 1613 748 1650 neque
779 1599 947 1637 insolens
965 1624 977 1646 ,
1007 1614 1129 1652 neque
1144 1600 1229 1652 glo-

66 1652 207 1691 riosum
223 1666 269 1691 ex
290 1667 353 1689 ore
369 1654 448 1703 ejus
465 1655 561 1689 exiit
578 1680 586 1688 .
618 1656 683 1704 qui
705 1654 859 1704 quidem
877 1668 963 1691 cum
983 1653 1064 1692 suas
1096 1655 1228 1692 laudes

65 1708 215 1745 audiret
242 1707 401 1758 praedica
411 1709 439 1742 ri
458 1730 472 1751 ‚
500 1720 709 1757 numquam
739 1707 848 1744 aliud
879 1708 981 1744 dixit
1011 1721 1124 1758 quam
1143 1732 1156 1753 ,
1185 1713 1231 1743 Se

67 1764 107 1797 in
121 1775 161 1797 ea
174 1774 208 1797 re
221 1762 395 1797 maximas
412 1762 499 1796 Diis
509 1763 650 1807 gratias
664 1773 760 1809 agere
774 1771 883 1807 atque
897 1759 1031 1806 hahere,
1047 1761 1142 1809 quod
1153 1774 1232 1797 cum

67 1813 234 1852 Siciliam
247 1826 396 1851 recreare
423 1813 681 1862 constitu{ffent
697 1839 710 1860 ,
739 1825 817 1850 tum
836 1814 875 1864 se
886 1813 1098 1864 potiffi'mum
1111 1816 1236 1852 ducem

66 1868 130 1918 effi·
143 1867 330 1916 voluiffl’nt
347 1896 356 1903 .
376 1867 486 1904 nil-,il
504 1871 605 1904 enim
622 1882 744 1905 rerum
762 1869 1012 1906 humanarum
1031 1869 1106 1907 sine
1123 1868 1232 1906 Deo-

68 1937 152 1960 rum
169 1926 326 1960 numine
341 1923 404 1972 agi
434 1921 594 1971 putabat
612 1949 620 1957 .
649 1920 787 1974 Itaque
816 1921 884 1959 suae
914 1923 1018 1960 domi
1049 1922 1233 1961 sacellum

68 1975 285 2022 Λιῖτομοιτίκς
314 1972 579 2022 constituerat,
597 1976 710 2026 idque
725 1975 950 2014 sanfflffime
966 1976 1115 2014 colebat
1128 2004 1136 2012 .
1167 1975 1235 2013 Ad

70 2028 168 2066 hanc
183 2028 351 2067 hominis
367 2030 621 2067 excellentem
654 2029 869 2067 bonitatem
890 2030 1086 2068 mirabiles
1113 2028 1236 2067 acces-

74 2079 199 2120 serunt
218 2081 323 2122 casus
339 2110 348 2120 .
380 2083 484 2122 Nam
501 2083 634 2135 proelia
652 2086 820 2122 maxima
838 2085 964 2123 natali
981 2085 1042 2122 die
1059 2084 1122 2121 suo
1140 2083 1232 2123 fecit

1023 2151 1154 2177 omnia
1169 2151 1177 2175 ε
