1714 2719
269 181 727 224 ΕσΜΕΝΕε.
811 181 1016 223 xvl11.
1129 185 1175 233 8⁷

49 277 99 308 2oe
115 291 128 315 ,
158 267 284 317 inquit
296 289 309 311 ,
323 266 443 302 animo
460 263 503 309 fi
510 262 574 310 esto
588 275 665 298 eras
682 287 695 308 ‚
721 274 786 299 cur
799 276 868 300 non
883 267 922 300 in
931 264 1053 314 proelio
1066 265 1226 316 recidisti

43 324 168 372 potius
183 332 288 368 quam
303 320 343 354 in
352 316 557 366 potestatem
572 318 713 352 inliniri
738 320 875 355 venires
891 316 914 355 ,³
944 318 1052 358 Huic
1080 319 1225 361 Eume-

48 390 116 414 nes
132 398 145 421 ‚
173 377 324 411 Utinam
338 368 478 418 quidem
492 368 590 417 istud
608 370 775 418 evem‘ffl‘t
790 395 803 418 ,
837 375 964 424 inquit
983 389 990 411 :
1010 371 1125 422 sedeo
1152 390 1223 413 non

48 427 185 466 accidit
201 451 214 473 ,
243 423 336 473 quod
348 436 540 471 numquam
553 437 632 460 cum
637 422 794 471 fortiore
813 425 896 474 sum
910 427 1099 475 congreffics
1115 456 1122 463 .
1154 444 1223 466 non

46 485 142 520 enim
155 494 234 517 cum
248 491 423 527 quoquam
435 490 535 515 arma
551 476 688 514 contuli
705 481 840 525 quinis
855 479 944 515 mihi
962 480 1192 529 fixccubuerit
1209 512 1218 520 .

44 549 115 572 non
128 537 220 571 enim
237 536 374 571 virtute
401 530 550 580 hostium
566 555 578 578 ,
600 530 666 580 fid
679 535 871 569 amicorum
895 533 1046 582 perfidia
1073 534 1191 573 decidi
1208 566 1216 573 .

49 588 188 640 Neque
207 589 243 626 id
261 585 401 625 falsum
421 613 429 621 .
462 599 552 623 nam
583 586 828 638 &dignitate
857 585 933 625 fuit
964 587 1117 627 honesta
1138 614 1151 637 ,
1180 591 1219 628 &

48 643 197 681 viribus
210 642 258 679 ad
276 640 446 677 laborem
478 639 676 677 ferendum
711 640 832 679 firmis
851 656 858 679 :
890 655 1013 694 neque
1037 655 1117 680 tam
1135 657 1218 682 ma·

45 710 123 749 gno
139 709 294 747 corpore
310 708 424 745 quam
443 693 560 744 figura
580 692 733 731 venusta
755 723 764 730 .

101 747 194 786 XII.
226 748 290 786 De
307 747 377 785 hoc
393 746 617 798 Antigonus
646 761 731 784 cum
749 746 851 786 solus
880 747 1108 789 constituere
1138 766 1217 790 non

44 803 202 841 auderet
219 826 232 848 ‚
261 803 309 839 ad
340 799 540 838 confilium
571 802 705 838 retulit
723 829 731 836 .
764 800 846 839 Hic
874 817 959 840 curu
985 804 1158 856 plerique
1173 821 1217 843 o-

39 870 154 894 mnes
172 856 232 893 vel
250 858 376 906 primo
391 854 602 903 perturbati
633 855 918 894 admirarentur
936 881 950 903 ,
979 871 1055 894 non
1073 859 1151 910 jam
1169 860 1217 898 de

41 924 90 949 eo
105 909 271 948 sumtum
289 907 361 946 eisc
378 906 607 956 supplicium
623 921 643 944 a
661 922 737 959 quo
754 920 812 945 tot
829 922 952 948 annos
981 911 1077 948 adeo
1099 911 1218 950 essent

39 963 144 1001 male
160 962 284 1001 habiti
308 983 322 1006 ,
352 972 395 996 ut
413 960 504 1010 saepe
539 961 588 997 ad
618 961 922 1011 desperationem
952 962 1080 1002 forent
1096 965 1218 1002 addu-

39 1016 119 1055 ἂίε
149 1019 291 1067 quique
320 1015 513 1050 maximos
528 1013 640 1050 duces
671 1013 921 1052 interfecisset
939 1030 947 1053 :
977 1017 1144 1068 denique
1174 1021 1215 1056 in

40 1083 117 1122 quo
133 1083 207 1106 uno
223 1067 314 1105 esset
331 1078 482 1103 tantum
505 1090 518 1112 ,
546 1078 589 1103 ut
607 1067 731 1118 quoad
750 1067 819 1105 ille
854 1070 1004 1108 viveret
1021 1093 1035 1116 ,
1063 1070 1130 1121 ipsi
1159 1070 1218 1109 se-

38 1125 121 1161 curi
137 1121 210 1159 eise
226 1135 301 1159 non
320 1119 468 1170 possent
486 1144 499 1165 ,
530 1119 732 1158 interfeRo
750 1122 849 1159 nihil
877 1122 1047 1160 habituri
1067 1127 1215 1175 negotii

38 1175 157 1215 essent
176 1191 183 1211 :
213 1173 402 1227 postremo
419 1197 432 1218 ,
451 1173 474 1210 si
493 1173 554 1209 illi
573 1175 746 1211 redderet
764 1173 926 1212 salutem
940 1200 953 1221 ,
979 1177 1216 1227 quaerebant‚

39 1229 179 1282 quibus
196 1230 330 1265 amicis
347 1226 437 1264 esset
455 1226 584 1263 usurus
605 1239 614 1270 3
647 1226 723 1264 sese
758 1231 862 1265 enim
879 1242 965 1266 cum
984 1229 1159 1268 Euinene
1173 1245 1218 1268 a-

42 1283 119 1336 pud
137 1296 220 1320 eum
239 1295 315 1318 non
332 1278 484 1317 futuros
501 1307 510 1315 .
542 1277 624 1316 Hic
639 1284 793 1332 cognita
812 1281 963 1318 confilii
981 1283 1184 1322 voluntate
1202 1308 1217 1328 2

0 1350 2 1385 g
42 1347 173 1375 tamen
191 1334 306 1386 usque
334 1333 381 1370 ad
414 1331 619 1383 septimum
637 1334 739 1370 diem
770 1334 1010 1374 deliberandi
1042 1336 1108 1374 fibi
1137 1336 1224 1388 spa—

0 1387 3 1436 Ι
39 1392 138 1429 tium
156 1389 313 1440 reliquit
330 1413 340 1423 .
372 1385 474 1424 Tum
490 1399 619 1423 autem
649 1401 736 1424 cum
767 1400 961 1426 vereretur
989 1403 1036 1427 ne
1063 1403 1135 1441 qua
1161 1390 1222 1428 se-

37 1444 141 1481 ditio
157 1444 345 1480 exercitus
364 1442 528 1478 oriretur
544 1463 558 1484 ‚
588 1444 714 1478 vetuit
730 1441 778 1478 ad
795 1455 881 1478 eum
901 1456 1130 1495 quemquam
1148 1446 1218 1482 ad-

37 1499 149 1535 mitti
166 1519 180 1543 ,
197 1496 233 1533 &
248 1495 520 1546 quotidianum
537 1493 682 1532 vis'cum
699 1498 870 1532 amoveri
884 1496 985 1546 juffit
1001 1523 1009 1532 .
1040 1511 1130 1534 nam
1148 1512 1215 1536 ne-

40 1550 154 1603 gabat
171 1573 185 1595 ,
219 1548 256 1587 se
275 1551 308 1586 ei
329 1550 407 1585 vim
424 1547 633 1584 allaturum
653 1551 718 1600 qui
734 1549 947 1600 aliquando
963 1548 1093 1588 suisset
1115 1554 1216 1588 ami-

40 1617 107 1642 cus
121 1630 131 1639 .
165 1601 245 1641 Hic
261 1614 389 1639 tamen
407 1615 482 1638 non
498 1601 666 1652 amplius
683 1615 798 1653 quam
836 1604 1006 1639 triduum
1037 1602 1139 1642 fame
1156 1603 1215 1642 sa-

37 1662 186 1709 tigatus
205 1680 217 1702 ,
246 1669 331 1693 cum
349 1653 466 1692 castra
483 1668 732 1693 moverentur
748 1679 761 1702 ,
780 1654 967 1694 insciente
978 1656 1182 1710 Antigono
1199 1682 1213 1706 ,

40 1710 236 1763 jugulatus
254 1709 305 1746 est
325 1723 343 1746 a
362 1707 575 1747 custodibus
591 1736 600 1746 .

95 1762 208 1801 XIII.
240 1764 300 1800 Sic
315 1762 507 1800 Eumenes
522 1776 708 1800 annorum
726 1765 896 1815 quinque
927 1763 963 1801 ὅ(
980 1765 1214 1817 quadragin-

42 1831 82 1857 ta
102 1842 116 1864 ,
143 1831 229 1856 cum
245 1817 294 1855 ab
308 1830 411 1854 anno
428 1815 604 1854 vicefimo
620 1817 635 1867 (
652 1829 693 1854 ut
711 1816 819 1868 supra
850 1815 1084 1855 ostendimus
1112 1819 1127 1868 )
1158 1818 1214 1856 se-

39 1885 148 1924 ptem
163 1884 283 1908 annos
301 1869 486 1920 Philippo
501 1869 729 1920 apparuiffet
747 1895 760 1916 5
778 1872 814 1908 ὃ(
829 1872 1012 1909 tredecim
1036 1872 1135 1922 apud
1154 1873 1215 1909 A·

42 1927 270 1964 lexandrum
287 1924 462 1961 eumdem
479 1924 605 1961 locum
623 1923 844 1962 obtinuiffet
856 1948 869 1971 3
882 1927 920 1962 in
938 1925 997 1962 his
1013 1929 1085 1962 uni
1103 1928 1212 1977 equi-

40 1992 123 2018 tum
140 1979 207 2016 alae
223 1976 427 2029 praesuiffet
444 2001 458 2023 ,
470 1975 553 2028 post
566 1989 694 2014 autem
711 1977 931 2016 Alexandri
951 1977 1092 2030 lWagni
1109 1993 1210 2016 mor-

39 2045 119 2072 tem
138 2035 346 2082 imperator
375 2035 564 2068 exercitus
594 2030 757 2069 duxisset
783 2055 797 2078 ‚
827 2030 1068 2083 summosque
1095 2032 1208 2070 duces

38 2089 187 2141 partim
202 2083 414 2137 repulffler,
431 2087 574 2136 partim
590 2083 838 2176 interfezisset
856 2101 863 2123 :
881 2096 1016 2137 captus
1034 2100 1111 2123 non
1123 2084 1209 2123 An-

819 2151 844 2182 4
1060 2152 1165 2191 tngo-
