1714 2719
550 164 998 206 VARIANTES
1041 168 1487 212 LECTIONES.

433 248 494 284 82.
518 246 575 282 18.
593 245 695 291 Deest
724 259 807 282 cum
823 244 855 295 J.

513 311 574 346 23.
596 298 712 348 loro)
731 297 801 334 loco
816 302 850 350 J.

510 353 572 389 28.
589 353 761 403 jumenta
779 367 880 404 aeque
896 356 1021 392 nitida
1037 354 1052 403 )
1068 356 1336 401 ‹eque-iumenta
1350 357 1474 395 nitida
1491 361 1520 410 J.
1539 358 1592 397 A.

514 419 571 453 30.
590 419 632 442 ac
651 405 674 442 s1
694 408 730 442 in
748 405 1018 456 campestribus
1035 409 1071 444 ὃ(
1087 408 1213 458 planis
1242 425 1284 447 ea
1317 411 1413 450 locis
1443 412 1597 450 habuis-

589 458 643 496 set
667 458 682 507 )
699 459 834 507 Desunt
850 457 919 496 baec
935 460 1037 497 verba
1053 463 1091 495 in
1110 460 1142 510 J.
1164 463 1208 504 &²
1224 462 1276 500 A.
1475 465 1482 468 ’

513 525 571 560 31·
591 511 717 550 voluit
738 514 753 561 )
769 511 886 547 noluit
900 512 931 562 J.

513 579 572 613 34.
591 564 707 603 castra
726 565 790 602 sub
807 565 898 601 divo
915 566 929 613 )
945 565 1256 613 castrumfhbfi'dia
1270 568 1301 618 J.
1320 569 1373 607 A.

433 620 494 666 83.
542 630 573 664 5.
593 630 718 655 utrum
736 621 943 667 repetitum
961 621 1031 655 iret
1050 618 1323 658 Macedoniam
1345 626 1362 673 )
1394 635 1514 661 utrum
1543 637 1598 661 re-

581 673 736 719 petitam
751 673 790 706 in
807 670 1052 706 Macedoniam
1067 674 1203 707 veniret
1220 676 1252 722 J.
1270 672 1324 710 A.

512 737 568 761 12.
588 723 736 762 Petivit
753 724 768 773 )
786 726 889 760 Petit
905 726 938 774 J.
957 723 1008 760 A.

512 791 571 820 14.
593 776 745 828 stirpem
764 791 914 828 quoque
930 779 944 825 )
964 777 1098 826 Defimt
1113 780 1152 814 in
1165 781 1200 832 J.
1219 779 1265 822 (5
1280 779 1330 817 A.

507 841 572 875 25.
595 830 789 868 Peucestes
805 832 820 880 )
839 830 1107 878 Peucestesfuit
1130 834 1156 882 J.

508 896 570 930 27.
591 883 808 936 Antigenes
825 885 838 932 )
858 887 1059 931 Antigonus
1081 879 1341 934 J.'Tbeutanus
1359 886 1412 923 A.

510 938 573 974 28.
593 949 723 975 tamen
740 939 756 987 )
776 945 915 974 Tamen
927 940 963 992 J.
981 939 1142 977 ridicule
1159 966 1168 975 .

516 1003 575 1037 32.
593 1006 637 1029 ac
652 993 666 1041 )
683 993 726 1034 (ς’
741 991 772 1040 J.
792 992 842 1028 A.

515 1057 574 1091 33.
592 1060 711 1095 eoque
728 1046 743 1094 )
758 1056 866 1091 atque
888 1050 915 1098 J.
936 1044 986 1082 A.

432 1097 492 1140 84.
540 1107 571 1141 5.
590 1101 718 1135 omnia
736 1094 953 1150 gererelitur
970 1125 978 1133 .
1003 1095 1084 1133 Hic
1102 1099 1140 1133 in
1158 1096 1359 1137 Patzztacis
1377 1097 1601 1147 )gererentur

588 1154 705 1187 omnia
722 1179 731 1187 .
762 1153 839 1188 Hic
855 1153 966 1198 impar
982 1152 1106 1186 :etatis
1121 1149 1152 1199 J
1175 1148 1239 1187 A..

509 1215 570 1240 22.
588 1204 830 1242 discesserant
849 1205 864 1251 )
881 1203 1106 1253 diffi’nftrant
1119 1206 1156 1255 J.
1175 1204 1213 1241 A

510 1269 572 1300 24.
591 1259 694 1306 Deest
712 1261 803 1296 novi
822 1258 872 1294 A.

514 1323 572 1357 34-
590 1311 670 1349 sui:
702 1311 753 1349 fin
772 1312 786 1360 )
803 1310 904 1357 Deest
921 1310 971 1347 sm
985 1311 1021 1361 J.
1040 1310 1142 1357 Deest
1158 1309 1212 1347 sui
1232 1311 1281 1348 A.

441 1366 501 1409 85.
551 1377 583 1400 1.
602 1378 705 1403 utres
722 1365 736 1414 )
753 1368 845 1401 vires
866 1369 894 1415 J.

544 1431 576 1465 3.
595 1419 741 1456 dierum
759 1419 888 1455 decem
905 1417 920 1465 )
935 1414 1046 1452 decem
1059 1414 1197 1453 dierum
1213 1416 1264 1453 A.

540 1485 577 1515 4.
594 1471 703 1521 Iter)
723 1474 859 1518 iterque
878 1471 930 1507 A.

520 1539 534 1561 1
546 1535 576 1570 5.
595 1525 752 1563 tranfire
768 1524 887 1576 posset
904 1526 919 1573 )
937 1523 1090 1571 tranfiffb
1100 1524 1207 1572 poffi‘t
1224 1524 1258 1574 J.
1275 1523 1327 1560 A.

521 1580 578 1615 18.
597 1578 864 1617 refrenandum
881 1577 897 1628 )
916 1575 1130 1626 referendum
1143 1577 1174 1627 J.
1195 1578 1296 1614 male
1312 1604 1322 1613 .

516 1645 578 1678 23.
597 1645 638 1670 ut
654 1634 669 1682 )
685 1634 779 1685 ΘΙ.
797 1631 847 1669 A.

519 1688 581 1723 26.
599 1686 700 1733 Deest
716 1698 795 1724 erat
812 1683 843 1735 J.
864 1685 916 1723 A.

521 1753 580 1786 30.
600 1740 858 1790 imprudentes
875 1740 889 1788 )
906 1737 1156 1787 imprudentem
1174 1737 1205 1787 J.

443 1795 502 1832 86.
525 1804 581 1829 12.
600 1791 860 1831 Imminebant
877 1795 892 1842 )
910 1791 1116 1828 Imminebat
1132 1789 1163 1840 J.
1181 1789 1233 1828 A.

523 1860 579 1894 19.
602 1847 703 1894 Deest
719 1848 755 1884 ὃ(
771 1845 802 1896 J.
822 1846 873 1884 A.

519 1912 581 1937 22.
599 1899 840 1938 conservaret
860 1899 1085 1950 >confirmae
1100 1897 1131 1948 J.
1152 1895 1210 1939 A.

523 1967 582 2002 34.
600 1957 692 2005 quin
710 1955 725 2003 )
740 1967 819 1989 cum
836 1953 867 2003 J.

443 2010 503 2054 87.
557 2021 589 2050 1,
604 2007 706 2056 Deest
723 2011 761 2044 in
778 2007 807 2058 J
827 2007 876 2048 A.

555 2074 588 2109 3.
606 2061 706 2109 Deest
723 2063 848 2114 inquit
864 2065 896 2115 J.
