1714 2719
265 185 1036 227 1PH1CRATEs.X1.
1135 200 1184 237 ⁴9

65 269 164 315 ἃο,
191 267 289 320 quod
307 278 408 318 :que
437 278 573 318 corpus
589 276 733 317 tegeret
751 290 764 311 ‚
793 266 829 302 δε
860 266 945 303 leve
975 264 1066 304 esset
1084 288 1096 312 ‚
1126 278 1234 304 cura-

68 328 131 366 vit
149 351 158 360 .

123 377 175 416 11.
205 373 354 413 Bellum
384 387 469 411 cum
489 371 703 409 Thracibus
727 371 831 423 gessit
851 387 857 408 :
890 373 1054 410 Seuthen
1087 372 1231 410 socium

71 427 359 472 Atheniensium
379 430 416 464 in
448 438 605 477 regnum
630 425 818 463 restituit.
850 424 968 476 Apud
998 425 1234 464 Corinthum

73 497 181 525 tanta
198 481 401 520 severitate
418 481 600 518 exercitui
618 478 784 530 praesuit,
805 491 846 516 ut
863 479 978 516 nullae
995 494 1175 531 umquam
1195 483 1234 517 iii

70 538 218 577 Graecia
236 548 358 585 neque
372 536 656 572 exercitatiores
672 535 786 583 copiae
803 556 817 579 3
847 546 968 584 neque
993 536 1115 585 inagis
1131 533 1235 571 dicio

71 592 265 631 audientes
282 587 422 625 suerint
439 588 524 624 duci
543 602 549 624 :
582 589 620 623 in
651 600 810 637 eamque
833 585 1146 624 consuetudinem
1163 587 1232 624 ad-

72 647 182 684 duxit
199 667 211 689 ,
241 655 281 679 ut
300 665 312 687 ‚
341 655 424 679 cum
443 641 567 692 proelii
586 640 728 692 signum
745 640 793 677 ab
810 643 1041 690 imperatore
1057 640 1147 678 essct
1163 641 1233 678 da-

69 711 153 737 tum
171 721 184 743 ‚
215 695 288 733 sine
305 696 411 734 ducis
427 708 537 745 opera
556 693 604 732 sic
619 695 802 731 ordinatae
822 693 1061 732 consisterent
1074 719 1086 740 ,
1103 707 1144 731 ut
1164 693 1236 732 sin-

70 753 151 792 fuli
181 749 229 787 ab
259 749 481 793 peritissimo
513 750 742 798 imperatore
776 746 946 798 dispositi
976 749 1198 786 viderentur
1222 775 1231 784 .

69 791 160 842 Hoc
176 805 345 841 exercitu
361 816 506 839 moram
520 801 891 839 Lacedaemoniorum
910 802 1234 852 iiitercepit:quod

69 859 238 897 maxime
266 868 345 893 tota
376 855 607 893 celebratum
637 854 688 892 est
718 853 865 892 Graecia
886 881 894 890 .
925 853 1069 893 Iterum
1099 855 1233 893 eodem

69 912 175 950 bello
191 923 322 947 omnes
339 912 466 961 copias
484 922 611 945 eoi-um
630 907 780 959 fugavit
798 936 806 943 .
838 922 914 959 quo
935 907 1037 946 faao
1053 923 1232 960 magnam

65 966 227 1016 adeptus
244 961 297 999 est
319 963 481 1013 gloriam
500 988 508 996 .
538 961 638 998 Cum
656 960 891 998 Artaxerxes
924 960 1124 1012 AEgyptio
1153 964 1232 1014 regi

67 1017 212 1055 bellum
231 1013 368 1052 inferre
385 1015 526 1057 voluit,
538 1012 771 1063 Iphicratcni
788 1014 836 1051 ab
853 1013 1151 1052 Atheniensibus
1169 1029 1235 1065 pe-

64 1073 158 1110 tivit
175 1069 326 1113 ducem,
339 1082 450 1119 quem
469 1067 672 1118 praeficeoet
689 1070 874 1104 exercitui
893 1067 1151 1115 coiidufficio,
1169 1084 1234 1106 cu-

66 1126 123 1178 ius
146 1136 323 1160 numerus
340 1122 539 1159 duodecim
556 1121 726 1158 millium
743 1120 817 1158 fuit
829 1149 838 1157 .
869 1123 995 1183 Qem
1014 1122 1168 1174 quidem
1187 1120 1235 1161 {Tc

68 1179 172 1216 omni
189 1175 393 1225 disciplina
415 1176 579 1211 militari
595 1175 764 1212 erudivit
782 1199 794 1220 ‚
824 1186 865 1211 ut
883 1199 896 1219 ,
914 1177 1238 1225 quemadmodum

95 1230 259 1268 uoiidarn
279 1227 440 1266 Fabiani
457 1228 606 1264 milites
627 1226 804 1265 Romani
826 1229 1017 1278 appellati
1048 1228 1132 1266 siint
1149 1254 1162 1275 ,
1193 1231 1240 1267 sic

90 1281 346 1335 phicrateiises
376 1282 475 1332 apud
505 1279 659 1318 Graecos
691 1284 729 1318 in
762 1281 906 1318 summa
925 1282 1038 1320 laude
1065 1282 1209 1320 fuerint
1230 1312 1238 1319 .

65 1336 172 1376 Idem
194 1335 354 1373 subsidio
379 1334 680 1372 Lacedaemoniis
711 1334 902 1385 profeE‘tus
919 1359 932 1382 ,
962 1334 1242 1388 Epaminondae

69 1391 277 1430 retardavit
296 1391 460 1440 impetus
477 1417 486 1424 .
515 1386 620 1426 Nam
638 1388 705 1425 nisi
725 1390 804 1440 ejus
822 1389 1010 1426 adventus
1026 1392 1238 1442 appropin-

69 1443 216 1499 quasset
233 1467 247 1490 ,
276 1457 352 1480 non
370 1445 473 1492 prius
492 1441 668 1479 Thebani
685 1442 819 1494 Sparta
837 1441 1104 1490 abscessissent,
1120 1457 1236 1495 quani

68 1512 109 1538 ca
141 1510 220 1536 tam
239 1497 416 1534 incendio
439 1495 622 1534 delessent
639 1523 648 1531 .

113 1512 191 1589 ill.
221 1549 311 1587 Fuit
326 1562 454 1587 autem
472 1551 506 1586 ὃ(
522 1551 653 1587 animo
669 1550 866 1601 magum&
881 1564 1054 1601 corpore,
1071 1552 1239 1601 impera-

68 1609 243 1656 toriaque
257 1603 398 1648 forma3
414 1615 454 1640 ut
474 1602 554 1653 ipso
570 1602 722 1654 aspeStu
738 1606 861 1641 cuivis
882 1606 1055 1654 injiceret
1071 1604 1241 1642 admira-

69 1662 216 1698 tionem
232 1657 287 1694 sui
318 1673 325 1694 ;
356 1656 416 1694 scd
436 1659 473 1693 in
490 1656 621 1694 labore
652 1657 822 1694 remilsus
853 1660 969 1694 nimis
987 1682 1000 1703 ,
1030 1671 1240 1709 parumque

70 1715 220 1764 patiens
241 1735 252 1757 ,
281 1724 323 1748 ut
355 1709 629 1761 Theopompus
659 1713 850 1747 memoriae
880 1711 1050 1761 prodidit
1070 1739 1078 1747 .
1111 1711 1240 1749 Bonus

73 1780 162 1805 vero
177 1768 273 1803 civis
288 1789 300 1810 ‚
319 1764 468 1815 fideque
482 1777 620 1815 magn-,i
640 1791 648 1799 .
668 1764 769 1815 quod
786 1778 870 1801 cum
889 1768 928 1801 in
946 1765 1035 1801 aliis
1052 1764 1161 1803 rebus
1178 1765 1244 1802 de-

73 1819 277 1858 claraverit
294 1842 307 1864 ,
337 1830 418 1855 tuni
436 1821 604 1854 maxime
628 1816 865 1867 in‘Amyntae
897 1818 1127 1856 Macedonis
1144 1818 1245 1855 libe-

73 1875 124 1910 ris
140 1872 292 1910 tuendis
309 1899 317 1908 .
338 1872 520 1922 Namque
537 1870 870 1920 Eurydicc,mater
884 1871 1068 1909 Perdiccae
1085 1873 1120 1909 ὃ(
1136 1871 1247 1909 Phil-

76 1929 158 1977 ippi
179 1949 193 1972 ,
220 1939 305 1963 cum
336 1925 395 1962 his
413 1925 559 1962 duobus
589 1926 713 1974 pueris
731 1948 743 1970 ,
774 1923 949 1973 Amynta
980 1937 1134 1962 mortuo
1153 1949 1166 1971 ,
1195 1926 1243 1962 ad

75 1977 308 2030 Iphicratem
327 1977 501 2030 confugit
519 2001 532 2024 ‚
562 1977 714 2028 ejusque
730 1978 866 2029 opibus
883 1977 1037 2016 defensa
1064 1977 1115 2016 est
1134 2005 1142 2015 .
1175 1977 1248 2015 Vi—

77 2035 137 2070 xit
153 2033 200 2070 ad
236 2031 464 2070 seneautem
489 2055 502 2077 ,
531 2032 694 2082 placatis
713 2034 752 2068 in
769 2030 805 2069 se
822 2031 973 2069 suorum
1003 2035 1147 2069 civium
1165 2034 1249 2068 ani-

79 2087 178 2125 mis.
207 2085 389 2125 caussam
410 2087 550 2138 capitis
581 2083 695 2125 semel
731 2085 832 2176 dizgt
849 2085 953 2124 bello
982 2084 1116 2125 sociali
1141 2085 1250 2122 simul

1113 2153 1200 2178 cum
