1714 2719
459 178 532 207 114
612 161 993 202 CORNELII
1047 162 1364 203 NEPOTIS

403 250 482 298 ejus
498 243 739 281 observantia
757 243 935 281 omnibus
951 242 1042 280 esset
1058 248 1195 289 carior,
1223 258 1308 282 cum
1327 258 1410 282 eam
1429 247 1570 296 officio,

406 315 482 338 non
502 301 634 335 timori
658 322 671 342 ‚
701 311 823 347 neque
840 296 917 348 spei
935 296 1053 334 tribui
1072 299 1247 335 viderent
1265 326 1273 333 .

462 351 553 389 VII.
584 350 727 388 Incidit
743 349 998 388 Caesarianum
1016 353 1133 388 civile
1153 352 1299 389 bellum
1317 365 1402 388 cnm
1420 351 1578 391 haberet

409 419 530 444 annos
546 408 697 442 circiter
732 403 930 456 sexaginta
949 432 957 439 .
989 403 1090 441 Usus
1106 405 1157 442 est
1188 409 1310 442 aetatis
1342 409 1545 443 vacatione
1562 430 1580 453 ,

412 474 535 511 neque
554 458 589 496 se
606 472 796 509 quoquam
813 462 939 496 movit
955 471 1001 495 ex
1034 458 1123 496 urbe
1141 486 1150 494 .
1182 462 1276 513 Quae
1293 462 1428 496 amicis
1446 458 1521 496 suis
1539 474 1581 496 o-

411 529 481 566 pus
498 512 648 550 fuerant
665 512 712 548 ad
730 512 953 563 Pompejum
986 511 1314 560 proficiscentibus
1331 537 1344 558 ,
1374 516 1502 549 omnia
1532 525 1579 549 ex

414 568 475 605 sua
496 580 534 604 re
550 565 736 603 familiari
770 566 876 603 dedit
893 593 901 601 .
932 563 1060 615 Ipsum
1079 564 1300 617 Pompejum
1331 567 1580 617 conjunctum

416 636 494 658 non
512 621 672 658 offendit
691 646 699 654 .
730 618 899 656 Nullum
918 622 1020 656 enim
1047 618 1095 654 ab
1125 633 1168 655 eo
1198 620 1361 657 habebat
1378 634 1584 657 ornamen-

415 689 499 712 tum
520 699 533 720 ,
548 687 590 710 ut
607 675 724 710 ceteri
743 698 755 720 ,
776 675 842 723 qui
859 685 925 722 per
941 685 1027 708 eum
1044 683 1108 707 aut
1129 672 1289 709 honores
1307 696 1319 717 ‚
1336 686 1401 709 aut
1419 674 1581 711 divitias

416 739 596 781 ceperant
616 741 623 762 :
643 739 802 776 quorum
820 728 959 775 partim
977 725 1194 761 invitiffimi
1210 725 1327 762 castra
1346 724 1431 762 sunt
1448 726 1584 773 secuti,

415 784 560 835 partim
577 779 721 816 summa
739 793 824 816 curn
841 780 920 829 ejus
937 777 1141 815 offensione
1161 779 1265 815 domi
1291 777 1554 816 remanserunt
1574 805 1584 814 .

417 836 549 874 Attici
566 846 692 870 autem
710 835 817 883 quies
834 844 1034 882 tantopere
1049 831 1187 868 Caesari
1206 831 1280 869 fuit
1298 845 1403 883 grata
1423 856 1435 878 ,
1466 844 1506 869 ut
1526 835 1587 869 vi-

417 889 500 927 &or
516 913 529 933 ,
559 901 642 925 cum
662 889 825 936 privatis
843 888 1021 936 pecunias
1051 899 1116 935 per
1132 884 1310 936 epistolas
1342 889 1548 936 imperaret
1571 909 1586 932 ,

418 945 505 980 huic
524 956 599 979 non
618 939 737 977 solum
755 939 934 978 molestus
951 954 1027 977 non
1045 939 1163 976 fuerit
1180 963 1194 985 ,
1223 939 1284 976 sed
1302 943 1418 977 etiam
1448 939 1586 977 sororis

420 998 547 1033 filium
564 997 598 1031 ὅ(
617 993 914 1054 QCiceronem
932 1007 977 1030 ex
996 993 1169 1044 Pompeji
1186 992 1315 1031 castris
1333 993 1557 1032 concesserit
1576 1020 1587 1029 .

421 1052 482 1088 Sic
498 1062 625 1086 vetere
642 1047 816 1086 instituto
834 1051 920 1085 vizae
937 1048 1070 1098 effugit
1086 1061 1184 1083 nova
1202 1048 1372 1096 pericula
1391 1075 1401 1083 .

475 1101 586 1138 VIII.
617 1102 794 1139 Secutum
813 1098 863 1137 esf
897 1101 994 1136 illud
1013 1124 1025 1144 ,
1055 1099 1178 1136 occiso
1202 1099 1348 1136 Caesare
1368 1124 1382 1146 ‚
1413 1114 1498 1138 cum
1516 1099 1592 1137 res-

423 1156 576 1208 publica
592 1167 707 1205 penes
725 1154 862 1192 Brutos
881 1154 1074 1191 videretur
1091 1151 1164 1190 esse
1192 1154 1227 1189 ὅ(
1240 1152 1410 1190 (Σαίῖῐιιηι
1429 1178 1442 1199 ,
1472 1167 1516 1191 ac
1533 1166 1596 1191 to-

420 1224 460 1248 ta
478 1212 617 1248 civitas
634 1208 669 1246 se
684 1209 732 1245 ad
749 1222 833 1245 eum
851 1207 1080 1245 convertiise
1097 1208 1317 1244 videretur:
1348 1207 1395 1244 fic
1417 1207 1478 1244 M.
1500 1207 1596 1244 Bru-

423 1277 466 1302 to
482 1262 567 1300 usus
587 1261 637 1299 est
655 1287 669 1308 ‚
694 1274 734 1299 ut
752 1262 862 1299 nullo
878 1262 948 1298 ille
963 1260 1183 1298 adolescens
1201 1261 1335 1311 :equali
1355 1259 1590 1298 familiarius

423 1331 540 1370 quam
557 1317 627 1354 hoc
644 1316 729 1354 sene
748 1330 758 1361 3
791 1330 912 1366 neque
937 1314 1062 1352 solum
1093 1329 1177 1351 eum
1197 1317 1410 1365 principem
1443 1315 1595 1352 consilii

425 1372 597 1415 haberet,
615 1370 674 1407 sed
692 1372 808 1406 etiam
828 1373 866 1406 in
883 1368 1061 1406 convstiu
1081 1395 1089 1403 .
1109 1368 1385 1420 Excogitatum
1403 1367 1454 1406 est
1471 1383 1491 1405 a
1510 1372 1596 1419 qui-

427 1425 584 1462 busdam
614 1436 655 1460 ut
686 1426 882 1475 privatum
912 1426 1083 1459 aerarium
1099 1421 1256 1459 Caesaris
1285 1421 1596 1460 interfeftoribus

425 1480 475 1517 ab
491 1477 685 1530 equitibus
717 1477 913 1514 Romanis
941 1476 1258 1513 constitueretur.
1290 1475 1334 1513 Id
1364 1476 1480 1514 facile
1497 1477 1594 1514 effici

430 1531 534 1584 posse
549 1532 727 1569 arbitrati
746 1531 831 1568 sunt
849 1555 862 1576 ,
892 1530 915 1567 fi
934 1531 968 1566 ὃς
985 1533 1176 1580 principes
1193 1531 1301 1567 illius
1318 1532 1464 1568 ordinis
1482 1544 1597 1580 pecu-

431 1590 517 1623 nias
548 1584 795 1623 contulissent
813 1613 820 1620 .
852 1583 987 1635 Itaque
1003 1584 1223 1634 appellatus
1253 1583 1304 1621 est
1343 1599 1362 1621 a
1393 1584 1439 1622 C.
1458 1583 1597 1622 Flavio

432 1639 543 1677 Bruti
560 1637 748 1676 familiari
764 1639 992 1683 Atticus‚ut
1010 1640 1089 1689 ejus
1107 1640 1159 1674 rei
1176 1640 1352 1688 princeps
1370 1639 1442 1676 esl'e
1460 1639 1595 1676 vellet.
1649 1662 1651 1665 -

434 1694 491 1731 At
506 1693 577 1730 ille
595 1717 608 1738 ,
637 1695 701 1744 qui
724 1693 844 1729 officia
864 1694 998 1729 amicis
1015 1690 1216 1741 praestanda
1239 1692 1313 1729 fine
1330 1691 1498 1729 faetione
1516 1694 1598 1729 exi-

434 1747 605 1785 stimaret
620 1771 632 1791 ,
665 1746 884 1796 semperque
896 1761 914 1783 a
933 1746 1076 1782 talibus
1095 1745 1130 1782 se
1146 1745 1315 1783 consiliis
1344 1745 1564 1784 removisset
1581 1769 1596 1790 ‚

435 1800 676 1851 responditd‘l
695 1801 785 1851 quid
805 1799 939 1837 Brutus
957 1801 1001 1837 de
1019 1799 1093 1836 suis
1110 1798 1362 1837 facultatibus
1379 1803 1434 1836 uti
1455 1799 1599 1837 voluis-

437 1855 491 1892 set
509 1879 520 1901 ,
550 1854 702 1891 usurum
720 1867 908 1905 quantum
925 1868 972 1891 eae
1004 1865 1227 1904 paterentur
1245 1869 1252 1890 z
1285 1853 1345 1891 sed
1364 1867 1487 1905 neque
1511 1866 1596 1891 cum

434 1922 628 1960 quoquam
646 1909 692 1945 de
708 1922 748 1944 ea
768 1922 804 1944 re
824 1908 1104 1945 collocuturum
1123 1932 1135 1953 ,
1154 1921 1276 1958 neque
1291 1910 1480 1945 coiturum
1497 1934 1505 1942 .
1538 1907 1598 1944 Sic

437 1962 507 1999 ille
523 1962 776 2000 consensionis
793 1962 928 2014 globus
946 1987 958 2007 ,
989 1962 1101 2014 liujus
1118 1964 1230 2000 unius
1247 1961 1472 2000 diffenfione
1485 1961 1599 2011 disje-

438 2016 519 2053 &us
536 2016 585 2053 est
604 2045 612 2052 .
643 2016 782 2067 Neque
797 2017 922 2053 multo
939 2015 1019 2066 post
1038 2015 1206 2066 superior
1231 2015 1304 2053 effe
1333 2019 1449 2066 coepit
1471 2013 1599 2051 Anto-

437 2072 524 2107 nius
543 2094 555 2116 ‚
586 2074 636 2108 ita
655 2082 696 2109 ut
727 2070 865 2108 Brutus
883 2071 918 2108 &
948 2069 1093 2108 Caffius
1112 2093 1125 2116 ‚
1154 2072 1437 2121 provinciarum
1455 2081 1532 2120 quae
1552 2069 1600 2103 iis

1491 2122 1552 2157 di-

1712 1259 1714 1270 Ι

1704 1313 1709 1323 4
