1714 2719
502 147 550 176 44
658 133 1028 172 CORNELII
1082 135 1398 175 NEPOTIS

447 216 741 265 libertatemque
770 215 922 252 reddere
953 214 1193 263 Syracusanis
1210 244 1218 251 .
1251 217 1287 253 A
1315 231 1386 268 qua
1406 204 1625 266 voluntas'e,

449 268 601 306 Philisti
629 268 786 306 consilio
815 269 1018 306 deterritus
1038 292 1052 314 ‚
1080 268 1283 319 aliquanto
1313 272 1504 309 crudelior
1531 273 1604 311 esse

447 336 562 372 coepit
581 351 589 357 .

499 376 569 413 IV.
598 378 677 437 Qi
695 376 847 426 quidem
864 389 948 411 cum
965 388 984 410 a
1003 373 1133 412 Dione
1149 374 1185 412 se
1202 374 1365 426 superari
1383 378 1528 415 videret
1546 382 1606 415 in-

446 433 557 479 genio
578 453 590 475 ,
619 428 848 466 aneioritate
864 452 877 472 ,
906 442 1034 465 amore
1050 429 1183 478 populi
1204 453 1217 474 ,
1235 444 1370 468 verens
1388 445 1460 476 ne,
1478 431 1502 468 si
1518 446 1603 469 eum

446 481 569 520 secum
588 483 740 520 haberet
758 506 771 527 ,
800 483 972 531 aliquam
1004 482 1234 519 occasionem
1266 483 1320 520 sui
1338 485 1444 521 daret
1475 489 1605 536 oppri-

446 538 575 573 mendi
592 561 604 581 ,
634 549 772 573 navem
789 539 822 572 ei
840 537 1032 571 triremem
1050 536 1154 572 dedit
1167 560 1178 580 ,
1198 550 1270 587 qua
1288 536 1521 574 Corinthum
1539 540 1604 575 de-

447 591 646 627 veheretur
662 613 675 634 ,
704 588 902 625 ostendens
920 612 932 632 7
963 587 997 624 se
1015 589 1051 624 id
1069 588 1267 639 utriusque
1294 589 1417 628 facere
1448 591 1570 628 caussa
1589 617 1602 638 ,

446 657 493 680 ne
509 667 522 688 ,
552 657 635 680 cum
653 645 751 678 inter
771 641 806 677 se
824 644 1001 677 timerent
1020 665 1032 685 ‚
1062 643 1249 679 alteruter
1265 643 1426 681 alterurn
1467 657 1605 694 praeoc-

447 709 600 747 cuparet
618 724 625 731 .
656 694 700 731 Id
717 709 800 732 cum
818 693 961 731 fastum
977 696 1092 730 multi
1112 696 1422 745 indignarentur,
1438 711 1602 749 magnae-

447 764 519 800 que
536 749 625 786 effet
644 749 796 784 invidiae
813 760 978 795 tyranno
995 771 1007 792 ,
1038 746 1247 796 Dionysius
1264 753 1390 786 omnia
1411 764 1489 800 quae
1520 766 1602 788 mo-

445 806 525 840 veri
543 811 720 852 poterant
738 824 751 846 ,
780 800 925 837 Dionis
942 803 981 836 in
1001 814 1115 837 naves
1133 800 1315 851 imposuit
1332 826 1344 847 ,
1374 803 1420 840 ad
1438 817 1600 855 eumque

446 855 547 893 misit
565 883 573 891 .
607 856 667 891 Sic
683 856 786 892 enim
803 853 1011 891 existimari
1029 853 1183 891 volebat
1201 878 1213 900 ,
1231 855 1269 891 id
1288 854 1322 892 se
1338 871 1412 893 non
1431 857 1519 894 odio
1536 858 1604 895 ho-

445 912 562 947 minis
580 933 592 954 ,
611 907 672 945 sed
689 908 755 944 suae
773 906 905 944 salutis
922 906 1048 943 fecisse
1065 906 1186 944 caussa
1207 935 1215 943 .
1234 907 1362 946 Postea
1382 924 1470 947 vero
1488 925 1600 961 quam

446 963 597 1000 audivit
621 986 634 1006 ³
665 976 749 998 eum
766 963 804 997 in
823 960 1085 1010 Peloponneso
1100 974 1255 997 manum
1281 976 1496 1012 comparare
1513 988 1525 1009 ,
1554 964 1599 1000 si-

447 1017 560 1067 bique
577 1015 720 1052 bellum
738 1014 861 1052 facere
877 1016 1020 1059 conari,
1039 1013 1182 1051 Areten
1200 1014 1344 1052 Dionis
1360 1030 1514 1053 uxorem
1530 1018 1600 1053 alii

447 1081 612 1120 nuptum
630 1069 761 1105 dedit:
792 1067 992 1118 filiumque
1008 1069 1086 1118 ejus
1103 1067 1150 1104 sic
1166 1068 1315 1105 educari
1329 1070 1427 1119 jussit
1445 1093 1458 1115 ,
1487 1082 1527 1106 ut
1545 1072 1603 1105 in-

444 1122 638 1174 dulgendo
659 1121 877 1172 turpissimis
910 1122 1140 1158 imbueretur
1167 1123 1441 1173 cupiditatibus
1459 1150 1466 1157 .
1498 1121 1602 1159 Nam

446 1190 563 1227 puero
593 1178 698 1225 prius
717 1189 830 1226 quarn
861 1175 976 1226 pubes
995 1173 1083 1211 esset
1103 1199 1114 1219 ‚
1143 1173 1257 1211 scorta
1289 1175 1599 1212 adducebantur:

447 1233 538 1267 vino
567 1228 763 1279 epulisque
794 1228 1050 1272 obruebatur3
1082 1241 1203 1278 neque
1237 1228 1361 1264 ullum
1379 1241 1527 1279 tempus
1545 1228 1602 1265 so-

449 1283 531 1320 brio
549 1282 836 1332 relinquebatur
853 1310 861 1317 .
892 1281 928 1318 Is
945 1281 1060 1332 usque
1077 1296 1119 1318 eo
1138 1284 1220 1317 vitae
1238 1281 1374 1318 statum
1391 1294 1602 1319 commuta-

448 1349 531 1374 tum
550 1334 647 1373 ferre
663 1350 738 1372 non
756 1338 882 1385 potuit
901 1359 913 1380 ,
943 1335 1137 1385 postquam
1156 1337 1193 1370 in
1210 1338 1374 1384 patriam
1406 1336 1518 1372 rediit
1536 1349 1604 1385 pa-

447 1401 523 1434 ter,
541 1389 556 1436 (
574 1403 738 1440 namque
753 1389 914 1438 appositi
931 1401 1036 1425 erant
1054 1387 1246 1433 custodes,
1264 1392 1423 1439 quieum
1440 1403 1460 1425 a
1479 1388 1604 1439 pristi-

446 1457 498 1479 no
517 1443 619 1480 Viciu
653 1443 880 1479 deducerent
898 1442 913 1490 )
930 1454 970 1478 ut
1000 1441 1036 1478 se
1065 1455 1084 1478 e
1114 1440 1303 1491 superiore
1331 1453 1438 1492 parte
1466 1437 1615 1479 aedium'

447 1497 627 1547 dejecerit
647 1520 660 1541 ,
688 1508 804 1547 atque
821 1499 873 1533 ita
892 1497 1078 1532 interierit
1097 1522 1105 1530 .

498 1549 548 1586 V.
580 1550 649 1586 Sed
666 1549 761 1586 illuc
777 1561 965 1587 revertor.
996 1547 1196 1598 Postquam
1214 1548 1448 1586 Corinthum
1467 1561 1603 1598 perve-

444 1606 503 1640 nit
522 1603 630 1640 Dion
647 1627 660 1649 ‚
689 1604 724 1639 ὃ(
741 1607 873 1640 eodem
892 1601 1060 1653 perfugit
1078 1600 1307 1639 Heraclides
1322 1602 1370 1639 ab
1387 1602 1518 1639 eodem
1535 1615 1602 1638 ex-

445 1655 576 1706 pulsus
592 1655 781 1705 Dionysio
798 1681 811 1702 ,
841 1660 904 1707 qui
922 1655 1117 1705 praefe8u8
1132 1654 1257 1692 fuerat
1274 1659 1446 1707 equitum
1464 1679 1476 1701 ,
1495 1658 1601 1692 omni

446 1713 595 1746 ratione
612 1709 756 1746 bellum
773 1723 991 1760 comparare
1006 1721 1198 1759 coeperunt
1215 1736 1223 1745 .
1251 1710 1320 1746 Sed
1338 1724 1413 1746 non
1433 1709 1601 1746 multum

448 1763 700 1814 proficiebant
717 1787 729 1808 ,
760 1765 859 1813 quod
876 1762 1085 1801 multorum
1105 1776 1291 1799 annorum
1317 1765 1492 1811 tyrannis
1521 1776 1603 1799 ma-

447 1830 605 1867 gnarum
622 1830 735 1867 opum
753 1817 956 1866 putabatur
974 1842 981 1849 -
1013 1829 1129 1866 quam
1155 1816 1203 1853 ob
1233 1815 1395 1853 caussam
1413 1818 1523 1867 pauci
1551 1816 1599 1852 ad

447 1869 666 1907 societatem
686 1871 843 1919 periculi
862 1871 1162 1920 perducebantur
1179 1898 1186 1906 .
1219 1869 1289 1907 Sed
1306 1868 1414 1907 Dion
1432 1894 1445 1914 ,
1477 1867 1598 1906 fretus

449 1938 524 1960 non
540 1935 619 1960 tam
637 1922 710 1961 suis
728 1927 847 1974 copiis
866 1937 978 1975 quam
997 1925 1085 1960 odio
1114 1926 1300 1972 tyranni,
1330 1926 1502 1960 maximo
1517 1925 1602 1958 ani-

448 1991 511 2013 mo
528 2001 540 2021 ,
559 1977 703 2015 duabus
720 1980 902 2014 onerariis
921 1978 1097 2022 navibus,
1119 1980 1396 2028 quinquaginta
1412 1988 1597 2013 annorum

446 2033 649 2081 imperium
667 2056 680 2077 ,
708 2034 900 2070 munitum
919 2033 1139 2082 quingentis
1169 2030 1295 2083 longis
1313 2029 1475 2068 navibus
1491 2053 1504 2075 ‚
1534 2029 1599 2065 de-

1466 2096 1546 2120 cem
