1714 2719
478 186 550 216 100
629 173 999 217 CORNELII
1055 178 1366 228 NEPOTIS

419 267 456 291 to
473 279 485 300 ,
515 257 555 289 in
570 258 611 289 H
615 253 784 302 {spaniam
798 257 982 302 imperator
1006 255 1218 303 prcficifi-ens
1233 255 1445 303 Cartbagine
1460 280 1472 303 ‚
1503 261 1579 308 ja-

420 311 459 345 zi
474 309 603 356 optimo
616 309 767 342 maximo
780 307 908 354 hostias
938 307 1138 344 immolavit
1152 335 1160 343 .
1191 321 1268 354 qua·
1282 307 1410 345 divina
1426 323 1478 345 res
1492 312 1574 349 dum

416 359 666 407 conficiebatur
683 383 695 405 ,
713 360 873 408 quaefivit
886 374 909 396 a
923 373 974 396 me
990 385 1003 406 ,
1019 359 1181 396 vellemne
1189 362 1306 409 secum
1321 364 1359 397 in
1372 363 1484 409 castra
1498 373 1575 410 pro..

410 414 528 463 ficisti
549 441 556 448 .
587 412 635 449 Id
646 426 724 449 cum
739 412 882 449 libenter
911 413 1104 463 accepissem
1120 438 1132 459 ‚
1159 425 1266 460 atque
1283 414 1325 450 ab
1339 428 1375 450 eo
1385 425 1498 464 petere
1512 430 1577 453 [ω-

412 467 533 517 piſjem
546 480 587 502 ne
600 465 781 502 dubitaret
795 465 916 502 ducere
931 481 947 510 ,-
976 477 1052 501 tum
1067 465 1126 502 ille
1141 491 1154 512 3
1171 470 1319 503 Faciam
1334 492 1347 512 ,
1375 471 1498 513 inquit
1515 493 1527 513 ,
1542 464 1583 514 ſs*

408 520 520 568 fidem
535 519 622 555 mihi
637 533 742 566 quam
752 518 884 567 postulo
901 543 913 563 ,
928 517 1062 554 dederis
1074 547 1082 554 .
1102 520 1274 566 fimulqzce
1287 519 1336 556 ad
1348 534 1447 557 aram
1461 519 1578 558 addu-

418 577 474 610 xit
492 597 504 619 ,
520 571 616 622 apud
628 585 732 619 quam
738 571 939 620 sacr-{ficare
954 571 1159 617 instituerat
1177 587 1189 607 .·
1203 586 1345 619 eamque
1357 597 1369 618 ,
1385 577 1509 610 ceteris
1524 589 1576 610 re-

417 629 522 663 motis
540 651 553 671 ,
582 635 750 662 tenentem
768 626 895 670 jurare
914 622 1022 669 juffit
1037 648 1050 669 ,
1078 638 1267 671 numquam
1279 639 1331 661 me
1353 629 1392 661 in
1405 629 1577 663 amicitia

418 694 495 717 cum
512 680 679 726 Romanis
687 675 769 723 fore
785 705 792 712 .
826 675 871 712 Id
883 676 1205 723 egojmiurandum
1216 682 1315 725 patri
1330 677 1455 715 datum
1472 704 1485 726 ,
1513 694 1537 716 u
1535 680 1576 729 s.

419 746 484 780 que
499 730 547 768 ad
559 730 647 766 hanc
662 727 751 765 diem
767 732 822 765 ita
837 727 1036 776 conservavi
1053 753 1067 774 ,
1084 740 1126 764 ut
1140 733 1269 765 nemini
1284 730 1428 766 dubium
1440 733 1504 778 effe
1517 732 1578 768 de-

417 786 497 823 beat
523 787 610 829 quin
626 781 757 829 reliquo
773 793 917 832 tempore
931 780 1045 817 eadem
1060 792 1171 817 mente
1174 783 1242 828 sim
1260 782 1418 828 futurus
1435 812 1443 820 .
1475 787 1537 837 Q
1558 808 1577 815 -

418 839 496 884 reſs
505 834 594 884 quid
607 839 716 872 amice
729 833 771 871 de
787 837 953 883 Romanis
968 834 1137 882 cogitabis
1154 859 1166 881 ,
1194 848 1263 871 non
1276 835 1576 885 imprudenter-se-

416 895 504 929 ceris
522 914 535 936 ,
554 890 594 935 fi
600 902 651 924 me
665 889 790 925 celaris
807 915 815 922 .
847 901 925 923 cum
939 887 1078 934 quidem
1090 886 1215 923 bellum
1223 888 1368 936 parabis
1383 913 1396 936 ‚
1419 901 1455 926 te
1469 891 1578 939 ipsitm

410 942 684 993 frustraberisſs
693 954 759 977 non
773 954 823 976 me
838 943 876 976 in
889 953 926 976 eo
935 943 1125 989 principem
1136 941 1287 989 pqfileris
1303 969 1312 977 .

478 995 548 1033 III.
580 994 667 1033 Hac
685 997 800 1045 igitur
816 1006 923 1031 aetate
939 1008 1021 1030 cum
1040 1005 1147 1044 patre
1164 997 1203 1031 in
1232 992 1462 1044 Hispaniam
1488 1010 1574 1047 pro-

420 1050 540 1088 feElus
557 1048 607 1085 est
624 1076 632 1083 .
661 1048 782 1098 Cujus
797 1046 878 1096 post
908 1047 1057 1083 obitum
1073 1045 1314 1084 Hasdrubale
1346 1050 1575 1098 imperatore

418 1102 572 1141 suffeRO
589 1125 601 1146 ,
618 1103 807 1151 equitatui
824 1102 929 1135 omni
946 1098 1094 1148 praefuit
1110 1124 1120 1134 .
1150 1097 1240 1136 Hoc
1254 1114 1402 1149 quoque
1417 1102 1576 1140 interfe-

419 1156 496 1201 διο,
508 1156 692 1192 exercitus
712 1151 894 1189 summam
912 1155 1064 1201 imperii
1080 1152 1127 1188 ad
1144 1153 1385 1190 eum‘detulit
1397 1180 1405 1188 .
1424 1154 1462 1190 id
1477 1154 1575 1192 Car-

417 1209 615 1260 thaginem
646 1205 814 1243 delatum
846 1229 859 1250 ,
889 1205 1041 1255 publice
1076 1205 1362 1255 comprobatum
1395 1205 1445 1242 est
1473 1235 1482 1242 .
1513 1209 1573 1246 Sic

418 1260 622 1299 Hannibal
638 1260 764 1296 minor
781 1261 949 1309 quinque
964 1259 999 1293 ὅ(
1016 1260 1158 1308 viginti
1187 1261 1297 1295 annis
1314 1271 1425 1297 natus
1453 1262 1574 1311 impe-

418 1326 521 1352 rator
537 1313 657 1350 faRus
673 1337 686 1358 ,
704 1314 879 1362 proximo
898 1313 1064 1347 triennio
1081 1326 1211 1348 omncs
1226 1324 1357 1362 gentes
1374 1310 1571 1363 Hispaniae

417 1368 523 1405 bello
553 1365 698 1416 subegit
715 1392 723 1400 .
755 1366 964 1415 Saguntum
982 1388 995 1409 ‚
1024 1362 1247 1401 foederatam
1273 1368 1472 1402 civitatem
1490 1391 1502 1412 ,
1532 1370 1572 1404 vi

417 1421 654 1470 expugnavit
671 1445 679 1453 .
710 1430 786 1454 tres
804 1419 990 1454 exercitus
1006 1420 1195 1454 maximos
1211 1422 1448 1468 comparavit
1465 1447 1473 1455 .
1503 1419 1565 1456 Ex

416 1475 476 1511 his
492 1486 609 1510 unum
627 1475 665 1507 in
683 1469 856 1508 Africam
885 1470 985 1507 mifit
1001 1493 1014 1515 ‚
1043 1471 1206 1507 alterum
1222 1485 1306 1507 cum
1331 1468 1572 1510 Hasdrubale

417 1526 535 1565 fratre
552 1528 590 1561 iu
608 1523 798 1573 Hispania
816 1524 972 1574 reliquit
989 1547 1002 1568 ,
1032 1526 1190 1560 tertium
1206 1527 1243 1560 in
1275 1523 1430 1561 Italiam
1446 1524 1569 1563 secum

416 1581 527 1618 duxit
546 1606 554 1613 .
587 1576 726 1615 saltum
745 1576 963 1625 Pyrenaeum
979 1576 1147 1613 translit.
1179 1591 1414 1628 quacumque
1429 1581 1500 1616 iter
1514 1579 1573 1617 fe-

416 1637 469 1671 cit
487 1656 500 1678 ,
517 1645 600 1669 cum
617 1629 793 1667 omnibus
812 1630 947 1667 incolis
964 1631 1138 1667 conflixit
1151 1657 1159 1664 .
1191 1634 1381 1668 neminem
1395 1655 1408 1677 ‚
1424 1632 1492 1669 nifi
1510 1635 1570 1670 vi-

417 1687 519 1724 &um
536 1709 549 1730 ‚
566 1683 706 1721 dimifit
724 1710 733 1719 .
763 1681 828 1720 Ad
845 1682 967 1733 Alpes
984 1682 1226 1734 posteaquam
1245 1687 1350 1721 venit
1368 1709 1380 1729 ,
1397 1699 1474 1736 quae
1489 1684 1571 1723 Ita-

417 1741 512 1777 liam
528 1737 576 1774 ab
603 1735 739 1773 Gallia
759 1735 956 1787 sejungunt
975 1760 986 1781 ‚
1017 1750 1108 1786 quas
1138 1750 1251 1774 nemo
1281 1751 1461 1788 umquam
1484 1753 1569 1776 cum

416 1794 587 1830 exercitu
601 1801 690 1826 ante
707 1803 790 1826 eum
811 1814 824 1835 ‚
854 1802 984 1839 praeter
1001 1787 1211 1826 Herculem
1227 1788 1389 1841 Grajum
1408 1815 1421 1837 ‚
1449 1791 1571 1829 trans-

418 1849 514 1883 ierat
531 1860 538 1881 :
570 1857 645 1895 quo
661 1842 761 1880 fusto
779 1846 808 1879 is
825 1843 937 1880 hodie
953 1842 1070 1879 saltus
1085 1841 1228 1894 Grajus
1243 1845 1480 1894 appellatur:
1494 1845 1571 1882 Al-

416 1902 522 1949 picos
537 1908 718 1935 conantes
733 1896 931 1946 prohibere
946 1896 1144 1932 tranfitum
1173 1899 1341 1934 concidit
1358 1921 1370 1943 ,
1399 1899 1480 1936 loca
1501 1912 1570 1948 pa-

415 1950 549 1990 tefecit
566 1974 579 1996 ,
597 1952 733 1986 itinera
750 1951 889 1986 muniit
907 1973 921 1994 ,
937 1949 1136 2000 effecitque
1152 1962 1193 1986 ut
1210 1964 1251 1987 ea
1269 1950 1491 2000 elephantus
1508 1965 1568 1988 or-

419 2017 531 2042 natus
549 2006 602 2040 ire
616 2002 735 2052 posset
753 2027 766 2050 ‚
786 2016 858 2055 qua
876 2014 987 2041 antea
1005 2016 1100 2041 unus
1115 2002 1229 2043 homo
1245 2006 1402 2043 inermis
1418 2008 1484 2042 vix
1501 2017 1570 2055 po-

416 2070 515 2095 terat
531 2069 658 2108 repere
674 2081 683 2091 ·

1444 2109 1516 2146 IV.
