1714 2719
520 164 568 197 60
675 159 1046 199 CORNELII
1101 162 1414 203 NEPOTIS

466 241 560 292 legit
577 242 696 278 talem
714 266 727 287 ,
756 253 797 279 ut
815 256 937 293 neque
955 245 1218 280 circumiretur
1233 243 1280 281 ab
1296 236 1480 291 hostibus,
1496 260 1620 301 neque
1651 250 1655 310 i

466 298 674 343 praeteriret
691 294 928 333 adversarius
945 299 1037 346 quin
1054 297 1291 347 ancipitibus
1307 298 1402 335 locis
1431 311 1619 349 premere·
1651 316 1655 348 ι

464 360 524 384 tur
542 363 548 383 ε
567 350 602 384 &
619 373 632 394 ,
651 349 674 384 si
691 349 873 385 dimicare
890 363 933 386 eo
950 350 1088 396 vellet,
1106 364 1182 387 non
1198 351 1366 388 multum
1382 350 1505 390 obesse
1519 355 1619 392 mul-
1651 356 1656 402 i

462 402 588 438 titudo
605 401 765 439 hostium
787 401 854 438 suae
871 405 1058 451 paucitati
1075 403 1195 453 posset
1212 430 1222 439 .
1653 404 1657 448 ἱ

514 453 624 491 VIII.
657 453 752 492 Haec
767 455 831 492 etsi
849 454 1162 505 Autophradates
1179 456 1335 494 videbat
1351 480 1364 503 ,
1393 469 1522 496 tamen
1546 458 1620 497 sta-

459 511 535 544 tuit
552 509 761 559 congredi,
792 522 904 559 quam
937 523 1022 546 cum
1042 511 1162 546 tant-is
1178 512 1298 560 copiis
1327 509 1497 562 refugere
1513 535 1526 558 ‚
1554 525 1620 551 aut
1653 477 1658 562 i

458 562 606 598 tamdiu
623 576 697 598 uno
722 563 806 599 loco
824 561 946 599 sedere
960 590 968 597 .
987 560 1168 599 Habebat
1186 563 1428 601 barbarorum
1444 567 1617 616 equitum
1654 563 1658 610 l

460 618 620 665 viginti,
638 615 809 664 peditum
830 627 981 651 centum
999 615 1143 661 millia,
1161 630 1254 666 quos
1272 616 1333 653 illi
1349 617 1537 656 Car-daces
1549 633 1620 670 ap·
1655 634 1659 657 s

455 669 606 718 pellant
623 695 631 703 .
650 667 890 718 ejusdemque
906 672 1054 717 generis
1071 667 1142 704 III.
1165 669 1403 707 funditorum
1421 698 1430 707 .
1461 671 1617 710 Praeter-
1656 686 1659 710 i

455 735 495 757 ea
526 721 802 771 Cappadocum
826 719 935 756 VIII.
955 722 1227 758 Armeniorum
1253 721 1307 760 X.
1325 722 1615 775 Paphlagonum
1655 745 1659 765 ε

456 772 506 810 V.
526 774 717 825 Phrygum
738 773 788 811 X.
810 773 1006 822 Lydorum
1025 774 1073 811 V.
1092 773 1374 824 Aspendiorum
1401 779 1437 813 ὃς
1473 777 1616 816 Pissda-
1656 792 1660 818 ι

453 841 536 864 rum
551 830 701 864 circiter
716 826 786 863 III.
805 826 976 864 Cilicum
993 826 1042 864 Π.
1063 827 1342 878 Captianorum
1359 832 1520 868 totidem
1540 846 1548 868 :
1568 846 1612 870 ex
1658 844 1660 851 '

451 879 599 918 Graecia
630 880 901 918 conduSmrum
917 880 988 917 III.
1007 882 1133 918 millia
1152 906 1165 927 ,
1193 882 1293 921 ‚levis
1318 896 1514 921 armaturae
1533 899 1614 923 ma-
1658 903 1660 916 ·

453 937 600 971 ximum
630 949 829 971 numerum
847 961 855 969 .
887 933 972 971 Has
1002 934 1179 972 adversus
1209 938 1337 985 copias
1372 936 1451 986 spes
1482 943 1609 976 omnis
1658 948 1661 975 Ι

450 987 672 1025 consistebat
689 987 851 1025 Datami
871 990 908 1024 in
926 987 961 1024 se
980 1012 992 1033 ,
1011 989 1162 1038 locique
1180 1000 1333 1025 natura.
1360 1004 1525 1041 namque
1541 991 1611 1029 hu-
1658 1000 1661 1020 ν’

448 1043 508 1091 jus
524 1054 669 1091 partem
700 1055 774 1078 non
805 1041 967 1077 habebat
985 1041 1200 1078 vicesimam
1229 1042 1401 1079 militum
1421 1070 1428 1078 .
1460 1045 1612 1105 Qibus
1658 1054 1662 1084 έ
1712 1064 1714 1074 =

448 1093 569 1131 fretus
586 1118 598 1140 ‚
617 1096 791 1131 conflixit
810 1117 822 1139 3
840 1093 1218 1145 adversariorumque
1235 1095 1358 1131 multa
1376 1096 1502 1132 millia
1521 1111 1612 1133 con-
1659 1098 1662 1129 ἕ
1712 1109 1714 1117 ·

448 1148 545 1184 cidit
561 1171 575 1193 ,
604 1161 689 1184 cum
721 1148 765 1185 dc
788 1147 899 1197 ipsius
915 1151 1084 1185 exercitu
1116 1162 1191 1184 non
1208 1148 1377 1197 amplius
1408 1149 1608 1186 hominum
1659 1160 1661 1163 ’

446 1200 559 1237 mille
588 1200 779 1238 cecidisset
796 1227 804 1236 .
837 1203 965 1252 Quam
996 1201 1044 1238 ob
1077 1200 1241 1237 caussam
1261 1200 1408 1250 postero
1437 1202 1499 1239 die
1531 1215 1611 1239 tro·

449 1255 593 1304 phaeum
625 1253 749 1304 posuit
779 1268 852 1304 quo
884 1256 968 1292 {oco
998 1256 1122 1303 pridie
1146 1266 1356 1304 pugnatum
1375 1281 1384 1289 .
1415 1252 1496 1292 Hic
1524 1271 1610 1293 cum
1659 1257 1663 1296 ἶ

447 1307 564 1344 castra
581 1307 758 1344 movisset
771 1331 784 1353 ,
802 1306 962 1344 inferior
978 1310 1115 1355 copiis,
1134 1307 1302 1357 superior
1319 1308 1497 1346 omnibus
1514 1323 1612 1359 proe-
1660 1304 1663 1332 ἕ

449 1361 514 1397 liis
545 1361 760 1398 discedebat
780 1385 792 1406 ,
822 1362 922 1411 quod
940 1375 1148 1411 numquam
1179 1375 1337 1397 manum
1367 1361 1578 1400 consereret
1596 1387 1609 1408 ‚
1662 1407 1664 1413 y

446 1413 517 1450 nisi
534 1413 770 1451 adversarios
787 1414 957 1451 locorum
973 1413 1156 1465 angustiis
1181 1413 1367 1452 clausisset
1386 1441 1396 1449 .
1428 1417 1528 1466 quod
1546 1426 1611 1466 pe-'
1661 1422 1664 1462 ξ

452 1469 531 1505 rito
546 1471 743 1519 regionum
762 1492 775 1514 ‚
804 1468 1020 1518 callideque
1053 1470 1243 1518 cogitanti
1277 1467 1368 1517 saepe
1383 1469 1580 1506 accidebat
1597 1497 1606 1506 .

450 1521 764 1572 Autophradates
782 1535 865 1558 cum
883 1521 1026 1558 bellum
1043 1521 1129 1558 duci
1159 1522 1302 1572 majore
1332 1524 1430 1572 regis
1450 1523 1612 1559 calami-
1662 1532 1664 1536 ⁴

445 1586 526 1611 tate
542 1588 653 1625 quam
670 1575 973 1613 adversariorum
991 1598 1004 1621 ,
1026 1576 1173 1612 videret
1191 1598 1204 1621 ‚
1226 1574 1274 1611 ad
1290 1588 1419 1624 pacem
1436 1587 1554 1626 atque
1569 1590 1610 1613 a·
1662 1576 1665 1602 f

443 1631 632 1665 micitiam
650 1629 824 1666 hortatus
841 1627 891 1665 est
904 1652 916 1673 ‚
934 1640 975 1666 ut
992 1642 1076 1666 cum
1093 1642 1178 1679 rege
1196 1631 1235 1664 in
1257 1631 1421 1680 gratiam
1439 1631 1577 1668 rediret
1594 1657 1604 1666 .

444 1683 572 1740 Quam
591 1683 660 1720 ille
675 1682 739 1719 etsi
756 1697 831 1719 non
851 1681 965 1718 fidam
997 1681 1077 1718 fore
1095 1681 1255 1729 putabat
1272 1705 1285 1727 ,
1315 1692 1445 1719 tamen
1472 1684 1607 1720 condi·
1664 1726 1665 1738 ἵ

442 1740 589 1772 tionem
607 1739 752 1785 accepit
770 1760 783 1781 ,
813 1733 924 1785 seque
938 1736 985 1772 ad
1002 1735 1262 1772 Artaxerxem
1294 1735 1442 1785 legatos
1476 1736 1610 1774 missu·
1664 1774 1666 1781 ,

443 1803 527 1825 rum
544 1790 644 1826 dixit
662 1818 670 1825 .
703 1791 763 1825 Sic
782 1789 923 1826 bellum
941 1790 1040 1839 quod
1057 1802 1120 1826 rex
1137 1788 1316 1826 adversus
1331 1787 1529 1827 Datamen
1546 1789 1607 1827 su-
1662 1785 1666 1837 J

445 1841 611 1892 sceperat
642 1867 656 1890 ,
687 1842 856 1880 sedatum
872 1869 880 1877 .
913 1841 1226 1892 Autophradates
1257 1845 1296 1878 in
1329 1841 1536 1895 Phrygiam
1567 1842 1604 1881 se

442 1899 585 1946 recepit
602 1923 610 1932 .

495 1948 573 1987 IX.
603 1948 659 1986 At
677 1963 739 1988 rex
759 1973 771 1996 ‚
802 1950 900 2001 quod
925 1949 1171 1999 implacabile
1187 1950 1318 1988 odium
1338 1952 1377 1986 in
1408 1948 1605 1988 Datamen

445 2002 672 2052 susceperat,
690 2003 885 2054 postquam
904 2004 1005 2040 bello
1023 2018 1106 2041 eum
1125 2006 1291 2054 opprimi
1309 2018 1384 2041 non
1401 2003 1503 2054 posse
1517 2008 1604 2041 ani-

444 2057 651 2094 madvertit
670 2082 683 2104 ,
714 2058 858 2096 insidiis
875 2056 1087 2095 interficere
1104 2057 1244 2095 studuit
1263 2085 1270 2093 .
1301 2060 1407 2120 Qas
1424 2057 1492 2095 ille
1520 2057 1605 2148 εἰς·

1475 2124 1514 2148 ra
1536 2133 1551 2139 -
