1714 2719
485 165 555 189 110
633 149 1003 188 CORNELII
1059 151 1374 190 NEPOTIS

428 228 565 266 dustria
582 231 617 265 &
634 229 835 280 diligentia
854 241 1072 279 comparet,
1088 231 1207 267 multa
1227 231 1395 269 dofftrina
1415 258 1423 266 .
1453 229 1581 280 Hujus

427 283 474 320 de
489 284 570 319 vita
602 283 638 318 &
666 282 834 319 moribus
854 283 961 332 plura
988 285 1026 319 in
1058 284 1216 321 eolibro
1244 283 1427 333 persecuti
1457 280 1580 325 funins

428 349 542 386 quem
576 333 777 385 separatim
794 336 839 372 de
869 350 912 372 eo
928 335 1087 373 fecimus
1104 361 1116 381 ,
1147 348 1277 387 rogatu
1312 336 1356 373 T.
1380 337 1580 387 Pomponii

427 388 556 477 thrici
575 415 583 423 .
613 391 742 449 Qare
758 387 940 426 studiosos
954 388 1116 427 Catonis
1132 392 1179 427 ad
1205 390 1301 427 illud
1321 390 1501 428 volumen
1518 392 1585 429 de-

447 454 600 493 egamus
617 468 627 477 .
1474 466 1481 470 .

483 548 813 617 TITUS
894 549 1526 618 POMPONIUS

728 693 772 742 A
812 691 862 741 T
901 693 950 741 T
987 695 1005 743 I
1045 694 1090 745 C
1124 691 1184 741 U
1224 694 1286 744 S.

423 814 456 852 1.
485 811 843 904 POMPONIUS
872 813 1029 851 Atticus
1044 838 1056 860 ,
1071 813 1119 852 ab
1137 817 1287 866 origine
1304 816 1439 853 ultima
1458 815 1583 866 stirpis

584 868 771 906 Romanae
787 879 986 917 generatus
1005 892 1016 912 3
1047 881 1228 920 perpetuo
1244 884 1263 906 a
1281 869 1487 919 majoribus
1520 883 1585 906 ac-

425 935 577 973 ceptam
594 919 800 973 equestrem
817 921 984 957 obtinuit
1000 922 1229 972 dignitatem
1248 950 1256 958 .
1288 921 1398 959 Patre
1416 922 1501 960 usus
1531 921 1581 959 est

425 976 612 1027 diligente
630 999 643 1020 ,
672 974 897 1023 indulgente
915 998 926 1020 ,
944 975 978 1010 ὅ(
995 998 1008 1019 ‚
1030 987 1070 1011 ut
1088 988 1168 1012 turn
1186 988 1292 1013 erant
1309 988 1476 1026 tempora
1495 1000 1508 1021 ,
1524 977 1584 1011 di-

425 1033 455 1065 ti
473 1054 486 1074 ,
516 1027 762 1078 inprimisque
781 1027 942 1064 studioso
971 1028 1169 1065 literarum
1188 1056 1198 1066 .
1227 1028 1306 1066 Hic
1323 1053 1336 1074 ,
1366 1041 1476 1079 prout
1504 1028 1582 1078 ipse

424 1082 578 1118 amabat
594 1082 725 1117 literas
743 1104 755 1125 ,
785 1081 961 1116 omnibus
992 1080 1175 1118 doeh-iuis
1193 1082 1329 1131 quibus
1347 1082 1504 1130 puerilis
1528 1094 1573 1116 ae-

423 1147 483 1172 tas
513 1136 702 1185 impertiri
719 1134 829 1170 debet
846 1157 858 1177 ‚
888 1133 1010 1170 filium
1042 1135 1210 1170 crudivit
1227 1149 1237 1169 ;
1266 1134 1361 1171 Erat
1390 1146 1516 1170 autem
1543 1136 1582 1169 in

429 1202 561 1238 puero,
578 1200 709 1238 praeter
724 1187 962 1223 docilitatem
981 1189 1150 1236 ingenii,
1169 1187 1309 1224 summa
1327 1186 1491 1224 suavitas
1508 1190 1585 1223 oris

424 1256 468 1278 ac
486 1245 589 1279 vocis
606 1265 619 1287 5
648 1253 690 1277 ut
707 1254 783 1276 non
800 1239 919 1276 solum
950 1240 1124 1277 celeriter
1153 1244 1339 1290 acciperet
1366 1254 1443 1291 quae
1458 1241 1586 1277 trade-

426 1295 565 1331 bantur
580 1319 593 1340 ‚
623 1293 683 1330 sed
701 1296 817 1330 etiam
849 1294 1081 1330 excellenter
1097 1296 1362 1344 pronuntiaret
1380 1322 1388 1329 .
1419 1296 1505 1354 Qa
1539 1306 1582 1330 ex

426 1362 466 1384 re
483 1372 496 1393 ‚
525 1351 564 1384 in
581 1350 743 1397 pueritia
762 1370 774 1391 ,
805 1347 945 1383 nobilis
963 1351 1063 1383 inter
1078 1348 1238 1397 aequales
1253 1346 1445 1384 ferebatur
1461 1371 1475 1392 ,
1508 1347 1585 1383 cla-

427 1400 578 1452 riusque
597 1398 928 1451 exsplendescebat
945 1413 1059 1451 quam
1081 1401 1245 1451 generosi
1276 1399 1525 1450 condiscipuli
1544 1413 1585 1436 a-

427 1457 535 1491 nimo
551 1468 654 1505 aequo
669 1454 768 1490 ferre
783 1453 929 1503 possent
949 1481 958 1490 .
988 1452 1124 1504 Itaque
1149 1453 1335 1490 incitabat
1353 1467 1481 1490 omncs
1513 1452 1585 1489 stu-

428 1509 492 1545 dio
510 1507 574 1544 suo
592 1523 600 1544 :
618 1521 692 1558 quo
710 1510 747 1543 in
764 1520 920 1543 numero
935 1505 1088 1544 suerunt
1105 1505 1150 1543 L.
1173 1505 1389 1557 Torquatus
1405 1531 1418 1552 ‚
1435 1506 1480 1544 C.
1495 1507 1588 1542 Ma·

428 1564 505 1598 rius
532 1560 578 1598 C.
611 1559 650 1597 F.
671 1584 683 1606 ‚
714 1559 775 1597 Μ.
806 1559 944 1597 Cicero
975 1574 987 1605 5
1019 1574 1111 1611 quos
1140 1559 1411 1598 consuetudine
1441 1559 1501 1596 sua
1527 1559 1585 1605 ,fic

432 1615 500 1651 sibi
517 1615 692 1651 devinxit
710 1638 723 1659 ‚
751 1626 793 1650 ut
809 1627 921 1651 nemo
938 1615 984 1650 iis
1000 1626 1181 1664 perpetuo
1209 1612 1325 1651 fuerit
1341 1617 1460 1651 carior
1476 1641 1484 1648 .
1516 1612 1586 1651 Pa-

432 1680 487 1704 ter
501 1680 650 1705 mature
665 1667 814 1704 deceffit
830 1693 839 1702 .

481 1719 532 1756 Π.
562 1720 647 1771 Ipse
661 1719 967 1757 adolescentulus
983 1743 996 1765 ‚
1025 1732 1178 1772 propter
1199 1721 1426 1758 affinitatem
1443 1720 1484 1757 P.
1502 1720 1585 1756 Sul·
1703 1709 1705 1730 ⁴

429 1777 520 1825 picii
538 1798 552 1819 ‚
581 1777 646 1824 qui
676 1774 850 1811 tribunus
869 1774 990 1823 plebis
1007 1774 1228 1812 interfeSlus
1245 1773 1296 1810 est
1313 1798 1326 1819 ,
1356 1788 1431 1811 uon
1451 1787 1582 1823 expers
1703 1766 1706 1820 1

431 1827 505 1864 fuit
524 1828 630 1864 illius
650 1828 808 1878 periculi
827 1855 835 1863 .
865 1826 1043 1878 Namque
1059 1826 1219 1874 Anicia,
1234 1826 1439 1878 Pomponii
1455 1825 1584 1880 conso·
1704 1832 1706 1876 l

432 1881 540 1918 brina
558 1905 570 1926 ‚
599 1879 774 1931 nupserat
804 1881 863 1918 M.
900 1882 1030 1918 Servio
1048 1905 1060 1925 ‚
1089 1880 1199 1918 fratri
1229 1881 1387 1931 Sulpicii
1405 1908 1414 1916 .
1451 1879 1582 1930 Itaque
1703 1881 1706 1916 l

431 1933 632 1972 interfefib
651 1936 821 1984 Sulpicio
839 1959 852 1980 ,
871 1934 1111 1985 posteaquam
1129 1935 1231 1971 vidit
1245 1934 1425 1971 Cinnano
1442 1932 1582 1970 tumul·
1704 1933 1707 1950 ¹

430 2000 471 2024 tu
488 1990 688 2025 civitatem
705 1987 777 2025 esse
792 1988 1051 2038 perturbatam
1068 2012 1081 2033 ,
1098 2002 1219 2039 neque
1235 1987 1301 2025 sibi
1319 1988 1400 2025 dari
1416 1986 1580 2024 faculta-

438 2052 512 2078 tem
530 2055 598 2091 pro
628 2041 817 2094 dignitate
849 2042 1006 2079 vivendi
1023 2065 1037 2089 ³
1067 2045 1158 2093 quin
1187 2041 1412 2079 alterutram
1435 2052 1580 2090 partem

1411 2094 1529 2132 offen-
