1714 2719
474 148 525 183 82
630 139 1005 182 CORNELII
1060 139 1375 181 NEPOTIS

424 237 514 267 nere
529 222 671 261 extulit
689 246 703 269 ,
732 221 886 273 ossaque
903 223 941 258 in
959 221 1235 259 Macedoniam
1251 225 1361 259 uxori
1378 222 1458 273 ejus
1473 235 1515 260 ac
1530 223 1587 261 li-

423 280 523 320 beris
531 276 674 315 remifit
690 304 699 313 .

478 331 531 370 V.
562 328 657 368 Haec
671 331 761 367 dum
778 328 878 379 apud
895 326 1197 378 Hellespontum
1213 341 1417 380 geruntur,
1435 329 1590 368 Perdic-

427 400 490 427 cas
505 384 608 437 apud
624 384 763 421 flumen
780 382 920 420 Nilum
939 381 1170 420 interficitur
1185 396 1205 419 a
1239 383 1396 421 Seleuco
1413 384 1448 420 &
1464 383 1589 421 Anti-

426 455 542 494 gono:
560 451 760 488 rerumque
776 435 920 474 summa
936 435 982 471 ad
1003 434 1256 487 Antipatrum
1274 436 1443 474 defertur
1459 465 1467 473 .
1486 436 1586 484 Hic,

426 497 496 546 qui
509 491 749 531 deseruerant
766 514 779 537 ‚
808 491 977 528 exercitu
995 488 1214 541 suffragium
1239 488 1386 528 ferente
1405 514 1417 536 ,
1447 494 1586 542 capitis

427 546 602 586 absentes
619 545 851 582 damnantur
869 570 877 578 .
908 545 948 579 in
965 542 1023 579 his
1048 541 1239 581 Eumenes
1258 571 1267 580 .
1298 542 1387 581 Hac
1415 544 1485 581 ille
1501 559 1590 595 per·-

427 599 554 640 culsus
571 599 683 650 plaga
714 612 790 634 non
821 595 1014 634 succubuit
1031 619 1044 640 ,
1074 611 1196 648 neque
1225 612 1269 634 co
1298 597 1417 635 secius
1439 597 1589 636 bellum

428 652 717 692 administravit
747 665 754 687 :
787 649 848 686 sed
879 649 998 686 exiles
1039 663 1095 686 res
1125 653 1247 686 animi
1278 652 1588 702 magnitudinem

430 707 499 746 etsi
515 720 591 744 non
608 703 837 755 frangebant
856 726 868 747 ,
884 713 1012 738 tamen
1030 703 1312 739 imminuebant
1328 733 1338 742 .
1368 703 1486 743 Hunc
1502 719 1590 756 per-

427 761 590 812 sequens
606 757 830 807 Antigonus
847 779 859 801 ‚
885 769 968 792 cum
987 758 1092 791 omni
1108 769 1242 806 genere
1257 758 1451 806 copiarum
1468 758 1591 795 abun-

429 816 540 852 daret
557 837 571 860 ,
600 811 690 861 saepe
709 814 747 846 in
764 808 968 846 itineribus
985 809 1220 846 vexabatur:
1252 822 1376 860 neque
1404 823 1590 862 umquam

430 868 481 905 ad
499 879 656 904 manum
672 863 848 902 accedere
865 861 1009 900 licebat
1025 886 1038 906 ,
1056 862 1123 899 nifi
1140 862 1199 900 his
1215 862 1313 900 locis
1331 862 1468 914 quibus
1486 865 1591 902 mul-

429 924 484 960 tis
501 919 648 971 possent
665 920 776 968 pauci
805 914 967 954 resistere
984 942 993 950 .
1026 916 1096 953 Sed
1113 913 1286 954 extremo
1315 928 1487 967 tempore
1502 932 1590 956 cum

430 973 593 1013 confilio
611 974 695 1022 capi
725 984 802 1007 non
832 968 952 1021 posset
978 994 992 1016 ,
1020 971 1276 1008 multitudine
1305 972 1590 1010 circumventus

430 1027 485 1066 est
502 1054 510 1062 .
541 1027 650 1062 Hinc
667 1038 794 1062 tamen
823 1023 958 1061 multis
983 1022 1058 1059 suis
1074 1025 1213 1061 amiffis
1230 1023 1267 1061 se
1295 1024 1492 1074 expedivit
1510 1049 1524 1071 ,
1553 1027 1591 1063 &

433 1085 474 1118 in
492 1079 687 1118 castellum
705 1077 876 1127 Phrygiae
894 1077 993 1127 quod
1012 1075 1118 1113 Nora
1135 1077 1354 1127 appellatur
1370 1101 1384 1124 ,
1401 1077 1590 1130 confugit.

433 1133 480 1171 ln
499 1147 573 1184 quo
590 1145 673 1169 curn
691 1130 1030 1168 circumsederetur
1046 1152 1060 1175 ,
1088 1131 1123 1166 ὅ(
1142 1138 1334 1168 vereretur
1365 1144 1413 1168 ne
1441 1146 1518 1169 uno
1534 1132 1594 1169 lo·-

433 1202 478 1226 co
495 1199 653 1224 manens
670 1197 786 1235 equos
802 1185 992 1221 militares
1007 1184 1197 1234 perderet,
1214 1185 1317 1235 quod
1332 1182 1497 1235 spatium
1515 1199 1594 1224 non

434 1239 527 1278 esset
543 1239 718 1291 agitandi
737 1252 748 1283 3
777 1237 962 1274 callidum
980 1236 1054 1274 fuit
1071 1239 1149 1286 ejus
1166 1240 1366 1275 inventum
1381 1261 1394 1284 ‚
1411 1240 1596 1290 quemad-

433 1294 592 1332 modum
609 1292 709 1330 stans
737 1293 954 1342 jumentum
987 1290 1152 1328 calefieri
1169 1295 1411 1342 exercerique
1439 1292 1558 1342 posset
1579 1317 1594 1339 ,

434 1362 512 1399 quo
530 1346 715 1384 libentius
731 1346 766 1381 ὅ(
783 1344 867 1381 cibo
886 1356 1057 1382 uteretur
1075 1368 1088 1391 ‚
1118 1345 1152 1380 ὃ(
1169 1358 1189 1381 a
1206 1347 1375 1395 corporis
1390 1359 1498 1383 motu
1515 1361 1595 1384 non

435 1396 697 1438 removeretur
712 1428 720 1435 .
753 1397 1036 1449 substringebat
1052 1410 1166 1449 caput
1182 1398 1266 1436 loro
1281 1398 1401 1435 altius
1421 1413 1534 1450 quam
1551 1413 1604 1438 ut·

434 1454 626 1505 prioribus
642 1451 800 1503 pedibus
816 1452 931 1502 plane
947 1464 1087 1490 terram
1105 1451 1225 1502 posset
1240 1455 1430 1503 attingere
1447 1469 1455 1490 :
1484 1454 1597 1491 dein-

436 1508 485 1546 de
502 1506 580 1559 post
601 1505 818 1544 verberibus
835 1505 992 1556 cogebat
1022 1506 1215 1543 exsultare
1230 1529 1244 1552 ,
1272 1507 1307 1542 &
1324 1507 1446 1544 calces
1462 1510 1596 1545 remit-

436 1573 516 1599 tere
532 1588 540 1596 .
572 1564 637 1612 qui
654 1573 781 1597 motus
796 1573 872 1597 non
890 1561 1017 1596 minus
1040 1558 1213 1596 sudorem
1243 1560 1460 1598 excutiebat
1478 1575 1594 1612 quam

434 1614 462 1652 fi
480 1617 519 1651 in
537 1613 662 1664 spatio
677 1615 889 1651 decurreret
907 1641 915 1649 .
947 1615 1036 1674 Qu
1065 1612 1212 1651 factum
1241 1612 1292 1650 est
1310 1639 1322 1660 ,
1351 1615 1450 1665 quod
1469 1618 1597 1652 omni-

435 1668 505 1705 bus
521 1667 700 1705 mirabile
716 1667 767 1705 est
784 1666 904 1706 visum
924 1690 936 1713 ‚
969 1680 1007 1704 ut
1022 1669 1194 1718 jumenta
1212 1680 1314 1717 aeque
1329 1669 1451 1705 nitida
1469 1682 1514 1706 ex
1531 1683 1597 1707 ca-

436 1721 548 1759 stello
578 1723 752 1759 educeret
769 1745 782 1767 ‚
811 1735 895 1758 cum
927 1721 1141 1770 complures
1159 1720 1306 1758 menses
1332 1724 1371 1758 in
1402 1721 1595 1760 obfidione

436 1774 566 1812 fuisset
583 1799 596 1822 ‚
625 1788 669 1811 ac
699 1775 722 1812 fi
756 1778 793 1812 in
825 1773 1092 1825 campestribus
1109 1776 1144 1812 &
1174 1774 1302 1825 planis
1331 1789 1373 1812 ea
1404 1775 1501 1813 locis
1525 1776 1595 1814 ha-

437 1828 573 1866 buiffet
591 1857 599 1864 .
631 1828 961 1890 Quotiescumque
978 1829 1104 1866 voluit
1122 1853 1135 1875 ,
1159 1829 1195 1864 ὃ(
1210 1841 1436 1880 apparatum
1457 1830 1492 1866 δί
1508 1844 1595 1867 mu-

433 1885 603 1919 nitiones
620 1882 811 1934 Antigoni
841 1883 937 1919 alias
967 1884 1137 1920 incendit
1153 1906 1167 1928 ,
1195 1883 1292 1920 alias
1309 1883 1459 1933 disjecit
1475 1910 1485 1919 .
1517 1882 1595 1921 Te-

435 1938 523 1975 uuit
553 1948 679 1973 autem
710 1936 746 1974 se
775 1951 851 1973 uno
880 1937 966 1974 ioco
994 1938 1175 1987 quamdiu
1206 1935 1280 1973 fuit
1310 1937 1432 1974 hiems
1449 1960 1462 1983 ‚
1491 1935 1591 1988 quod

436 1988 555 2027 castra
573 1989 638 2027 sub
655 1990 746 2028 divo
762 1990 899 2028 habere
915 2004 989 2027 non
1007 2003 1157 2040 poterat
1172 2018 1180 2026 .
1216 1988 1296 2028 Ver
1309 1992 1592 2041 appropinqua-

434 2042 500 2081 bat
517 2070 527 2079 .
558 2044 744 2082 Simulata
762 2044 959 2083 deditione
974 2067 988 2091 2
1017 2045 1106 2082 dum
1124 2045 1170 2084 de
1199 2043 1486 2082 conditionibus
1513 2054 1591 2080 tra·
1643 2075 1648 2080 .

1428 2096 1504 2137 &at
1520 2119 1536 2142 5
