1714 2719
297 125 820 168 LYSANDER.
904 125 989 164 VI.
1123 139 1171 173 2⁷

59 209 203 250 occisus
220 208 270 248 est
300 223 320 246 a
344 207 537 246 Thebanis
554 207 653 257 apud
685 205 942 243 Haliartum.
975 209 1102 269 Qum
1141 219 1230 244 vere

61 267 108 303 de
124 280 169 302 co
199 263 296 301 foret
325 263 535 313 judicatum
554 284 567 304 5
596 264 722 297 oratio
753 260 897 296 indicio
936 258 1009 296 suit
1042 275 1120 311 quae
1150 259 1229 310 post

62 331 225 356 mortem
244 319 282 353 in
299 315 412 353 domo
427 316 507 365 ejus
526 325 672 364 reperta
701 311 751 350 est
775 327 782 350 ε
814 315 853 349 in
871 326 942 363 qua
961 312 1088 350 suadet
1110 312 1231 350 Lace-

64 372 260 410 daemoniis
278 381 318 406 ut
337 371 435 420 regia
454 366 639 418 potestate
661 366 840 404 dissoluta
862 389 875 412 ,
892 379 936 402 ex
956 367 1133 403 omnibus
1152 367 1228 403 dux

63 425 252 476 deligatur
267 422 312 459 ad
331 421 475 459 bellum
490 421 694 471 gerendum
718 418 802 457 :sed
820 423 872 456 ita
891 417 1047 468 scripta,
1061 432 1101 456 ut
1119 419 1230 457 Deo-

64 492 146 516 rum
165 477 355 515 videretur
372 488 575 526 congruere
593 472 786 510 sentcntiae
799 497 812 518 ,
842 486 955 523 quam
975 473 1042 509 ille
1061 472 1095 510 se
1113 473 1223 510 habi-

63 543 188 569 turum
206 553 219 575 ‚
248 530 407 579 pecunia
426 527 544 565 fidens
563 551 575 571 ‚
600 541 676 564 non
692 525 895 563 dubitabat
909 552 916 562 .
950 523 1067 564 Hanc
1083 530 1118 564 ci
1135 526 1232 564 scri-

62 582 167 635 psisse
181 582 306 620 Cleon
323 579 636 619 Halicarnasseus
653 581 794 617 dicitur
810 607 819 615 .

115 635 186 673 lv.
217 634 350 686 Atque
367 636 437 673 hoc
470 634 554 672 loco
586 648 662 671 non
679 632 731 671 est
755 633 1054 685 praetercundum
1085 632 1229 671 saelum

63 688 304 728 Pharnabazi
321 688 483 738 satrapis
501 689 594 738 regii
611 714 620 722 .
650 685 754 724 Nam
772 701 855 724 cuni
875 685 1072 735 Lysander
1099 686 1232 738 praefe·

62 743 144 782 &us
161 742 281 780 claffis
300 745 338 779 in
373 741 477 780 bello
493 741 615 778 multa
633 740 837 778 crudeliter
853 763 866 786 ,
895 754 1086 791 avareque
1116 739 1228 778 fecis-

64 797 118 835 set
137 821 151 842 ,
167 798 288 847 deque
303 795 362 833 his
384 795 492 833 rebus
509 793 757 844 suspicaretur
772 794 819 831 ad
836 797 940 831 cives
959 793 1042 832 suos
1058 793 1131 832 esse
1147 808 1233 846 per-

65 851 189 887 latum
205 873 219 894 ,
249 851 361 898 petiit
378 862 397 885 a
429 847 676 885 Pharnabazo
704 859 744 884 ut
779 848 825 885 ad
842 846 1018 898 Ephoros
1044 848 1109 886 fibi
1127 846 1232 886 testi-

63 906 236 940 monium
253 903 358 938 daret
376 925 390 946 ,
418 912 560 951 quanta
579 899 782 938 sanffitate
800 900 944 937 bellum
961 901 1120 952 gessisset
1137 924 1151 947 ,
1169 900 1229 938 so-

61 955 215 1006 ciosque
231 953 347 991 tracta
355 953 422 992 sset
441 967 453 998 ς
483 954 529 990 de
545 967 662 1003 eaque
678 967 717 991 re
732 966 907 992 accurate
923 953 1100 992 scriberet
1119 968 1131 998 3
1148 968 1232 991 ma-

62 1022 176 1061 gnam
195 1010 297 1045 enirn
315 1008 394 1058 ejus
410 1006 678 1044 au&oritatem
709 1008 747 1043 in
779 1020 821 1044 ea
840 1021 878 1044 re
894 1005 1064 1044 suturam
1082 1035 1090 1044 .
1122 1005 1231 1046 Huic

66 1063 136 1100 ille
154 1061 369 1098 liberaliter
384 1060 592 1111 pollicetur
609 1086 618 1094 .
651 1060 792 1097 librum
809 1074 965 1112 gravem
990 1061 1129 1099 multis
1147 1074 1232 1100 ver-

67 1115 125 1154 bis
153 1113 370 1164 conscripsit
391 1138 404 1159 ,
434 1116 472 1150 in
488 1127 565 1164 quo
592 1112 748 1151 summis
773 1128 858 1151 eum
887 1115 995 1152 effert
1026 1114 1203 1153 laudibus
1217 1141 1229 1151 .

63 1182 173 1220 quem
191 1182 276 1206 cum
298 1166 447 1218 legisset
465 1191 478 1213 ,
495 1166 759 1218 probassetque
775 1191 788 1214 ,
804 1168 895 1205 dum
915 1168 1132 1220 obsignatur
1148 1167 1232 1215 ‚al-

62 1234 184 1260 terum
202 1224 284 1271 pari
300 1222 568 1272 magnitudine
584 1244 597 1266 ,
614 1233 655 1257 ut
672 1220 834 1258 discerni
852 1236 928 1259 non
945 1221 1064 1272 posset
1079 1246 1091 1268 ,
1109 1221 1233 1274 signa-

62 1288 144 1313 tum
162 1274 319 1326 subjecit
337 1290 345 1311 ε
368 1277 407 1311 in
424 1288 499 1325 quo
514 1273 788 1312 accuratissime
805 1276 885 1326 ejus
901 1278 1106 1313 avaritiam
1120 1299 1133 1321 ,
1145 1289 1232 1326 per-

62 1328 270 1380 fidiamque
285 1327 475 1366 accusaret
490 1355 499 1363 .
535 1325 643 1365 Hinc
660 1326 859 1377 Lysander
874 1329 1030 1366 domum
1047 1343 1132 1366 curn
1146 1329 1230 1367 red-

62 1381 146 1420 isset
163 1406 176 1428 ,
205 1381 403 1432 postquam
431 1381 478 1418 de
506 1380 581 1419 suis
616 1381 725 1419 rebus
756 1380 870 1434 gestis
885 1383 985 1435 apud
1015 1386 1228 1420 maximum

61 1434 325 1487 magistratum
359 1448 436 1486 quae
455 1435 629 1472 voluerat
645 1459 658 1482 ,
689 1436 840 1473 dixerat
853 1460 866 1482 ‚
896 1435 1107 1474 testimonii
1142 1437 1230 1475 loco

63 1489 203 1526 librum
221 1503 241 1525 a
260 1487 508 1526 Pharnabazo
525 1490 657 1526 datum
677 1490 840 1527 tradidit
855 1517 865 1526 .
897 1488 1016 1528 Hunc
1033 1514 1046 1536 ,
1065 1489 1233 1528 summo-

63 1556 104 1580 to
124 1540 326 1591 Lysandro
341 1566 355 1588 ‚
384 1556 467 1580 curn
497 1541 645 1593 Ephori
674 1542 943 1594 cognoscerent
961 1567 974 1590 ,
1005 1543 1070 1595 ipfi
1101 1544 1232 1596 legen-

61 1597 153 1687 1dum
169 1596 355 1634 dederunt
371 1623 380 1632 .
408 1594 470 1633 Ita
486 1596 558 1635 ille
576 1598 797 1649 imprudens
815 1596 895 1649 ipse
925 1596 1010 1636 suus
1028 1596 1104 1636 suit
1119 1611 1230 1637 accu-

79 1662 162 1687 ator
178 1677 188 1686 .

1077 2079 1185 2120 AL.
