1714 2719
285 146 867 189 THRAsYsstiLUs.
943 145 1053 186 vm.
1147 160 1188 194 37

89 234 274 273 nonnulla
291 233 338 270 ab
355 235 584 281 imperatore
614 230 724 265 miles
743 252 754 273 ‚
786 230 948 278 plurima
978 244 1067 266 vcro
1094 228 1247 266 fortuna

91 290 259 326 vindicat
278 310 290 331 ‚
320 285 430 337 seque
448 283 507 320 hic
524 284 610 333 plus
628 280 786 319 vaiuiffe
812 295 926 332 quam
944 283 1051 319 ducis
1082 283 1246 332 pruden-

89 346 185 380 tiam
205 365 218 386 ,
247 353 332 377 vere
348 335 467 389 potest
485 337 686 388 pra-dicare
701 363 709 371 .
741 337 870 386 Quare
888 335 983 372 illud
1002 336 1253 386 magnificen-

89 395 267 434 tifl'nnum
285 391 427 430 sffium
463 393 658 442 proprium
676 389 726 426 est
747 388 979 439 Thrasybuli
998 417 1006 424 .
1040 389 1141 426 Nam
1160 403 1247 426 cum

90 451 245 500 triginta
264 449 420 496 tyranni
451 443 633 494 praepoiiti
665 457 683 479 a
704 442 1000 482 Lacedxmoniis
1021 466 1033 485 ,
1065 442 1251 480 sci-vitute

89 516 137 554 op
167 499 275 538 reffas
306 509 479 536 tenerent
509 497 684 534 Athenas
701 521 714 542 ,
745 499 930 549 plurimos
948 499 1050 533 cives
1069 521 1080 541 ,
1112 496 1248 546 quibus

90 559 128 593 in
171 553 248 591 elio
264 564 479 604 pepercerat
496 550 648 589 fortuna
669 574 681 595 ‚
699 554 836 602 partim
856 553 978 600 patria
997 549 1247 599 expuliii'ent,

86 609 226 660 partim
246 605 516 644 interfecissent
536 628 549 649 ,
579 605 830 654 plurimorum
860 605 954 641 bona
976 603 1170 654 publicata
1190 605 1249 640 in-

86 673 143 699 ter
158 660 194 698 se
208 659 416 697 divifisscnt
433 684 446 704 ‚
464 673 538 696 non
558 657 678 695 solum
697 661 872 709 princeps
889 682 902 703 ,
924 656 983 695 sed
1001 658 1036 693 ὅ(
1054 655 1153 694 solus
1173 660 1247 693 ini-

86 718 143 753 tio
159 715 304 752 beilum
323 714 380 750 his
400 714 542 750 indixit
560 739 569 747 .

140 767 188 804 11.
222 770 302 807 Hic
318 770 420 804 enirn
437 779 519 803 cum
538 765 685 814 Phylen
712 765 938 817 confugisset
958 788 970 809 ‚
1001 765 1101 816 quod
1119 763 1168 801 est
1186 778 1251 802 ca—

90 821 238 859 stellum
259 824 294 856 in
316 820 447 857 Attica
481 819 772 856 munitiiiimum
792 844 804 865 ‚
836 835 910 856 non
928 818 1013 867 plus
1031 818 1163 855 habuit
1195 817 1249 855 se-

87 889 172 913 cum
190 888 301 925 quain
322 876 480 924 triginta
515 873 559 908 de
589 872 666 909 suis
684 901 691 908 .
724 871 813 911 Hoc
831 875 985 910 initium
1019 871 1093 908 fuit
1113 871 1247 908 salutis

87 926 308 965 Atticorum
326 950 338 970 ,
367 926 438 962 hoc
468 925 579 961 robur
596 925 786 964 libertatis
811 926 1016 964 clarissimae
1046 927 1220 961 civitatis
1238 951 1248 959 .

85 978 224 1030 Neque
245 993 332 1017 vero
351 978 411 1015 hic
427 992 501 1015 non
534 989 750 1016 contemtus
767 979 818 1016 est
849 981 973 1030 primo
988 991 1008 1014 a
1039 979 1215 1026 tyrannis
1232 1001 1248 1023 ,

85 1044 201 1082 atque
216 1034 295 1084 ejus
313 1031 490 1069 solitudo.
510 1044 588 1082 quae
600 1032 752 1082 quidem
771 1047 828 1070 res
846 1034 881 1070 ὅ(
900 1032 981 1068 illis
998 1043 1251 1069 contemnen-

86 1086 187 1123 tibus
204 1110 217 1130 ,
247 1087 428 1136 perniciei
449 1110 461 1130 ,
491 1086 526 1121 &
543 1085 630 1123 huic
660 1085 833 1136 despefib
852 1110 865 1132 ,
895 1084 1007 1123 saluti
1038 1083 1114 1122 fuit
1131 1112 1139 1120 .
1171 1084 1247 1122 haec

88 1142 186 1177 enim
206 1140 296 1177 illos
313 1139 360 1176 ad
378 1138 676 1189 persequendum
696 1138 825 1192 segnes
843 1163 856 1185 ,
885 1139 952 1177 hos
969 1149 1097 1175 autem
1117 1161 1129 1183 ,
1147 1149 1248 1175 tcm-

86 1206 175 1243 pore
192 1193 239 1229 :td
271 1193 567 1242 comparandum
599 1192 689 1229 dato
707 1216 720 1236 ,
750 1192 842 1231 fecit
872 1189 1099 1230 robustiores
1117 1219 1124 1226 .
1156 1194 1248 1253 Qo

84 1248 205 1297 magis
223 1258 448 1296 praeceptum
466 1246 564 1282 illud
591 1248 762 1283 omnium
781 1250 818 1284 in
849 1249 988 1284 animis
1006 1243 1079 1282 effe
1107 1245 1217 1282 debet
1237 1260 1245 1282 :

83 1297 299 1338 NIHIL
328 1297 396 1336 IN
428 1297 658 1336 BELLO
687 1297 1084 1338 OPORTERE
1112 1297 1250 1336 CON-

86 1351 777 1397 TEMNI,necsmecaussadici:
799 1352 1130 1391 MATREM
1163 1350 1247 1389 TI-

84 1405 255 1444 MIDI
297 1405 536 1444 FLERE
579 1405 726 1444 NON
764 1406 1077 1445 SOLERE.
1107 1405 1248 1457 Neque

83 1472 211 1499 tamen
230 1474 296 1511 pro
327 1463 511 1512 opinione
530 1459 761 1509 Thrasybuli
778 1461 892 1499 auEiae
909 1461 994 1498 sunt
1010 1473 1099 1511 opes
1117 1487 1125 1496 .
1154 1473 1245 1497 nam

84 1515 160 1566 jam
177 1528 259 1551 tum
277 1514 360 1552 illis
376 1514 613 1565 temporibus
630 1513 768 1552 fortius
786 1515 875 1553 boni
893 1528 961 1565 pro
978 1515 1158 1551 libertate
1188 1514 1248 1551 lo-

85 1568 297 1619 quebantur
315 1582 427 1619 quam
444 1567 678 1621 pugnabant.
700 1567 808 1606 Hinc
823 1571 863 1605 in
882 1568 1061 1606 Piraeeum
1079 1567 1245 1613 transsit,

85 1621 418 1673 Munychiamque
433 1625 601 1660 munivit
619 1650 626 1657 .
646 1619 762 1660 Hanc
779 1623 835 1659 bis
852 1625 1008 1671 tyranni
1025 1635 1246 1672 oppugnare

85 1673 169 1713 sunt
185 1676 310 1712 adorti
329 1700 341 1722 ,
370 1675 417 1712 ab
432 1689 549 1727 eaque
565 1678 728 1726 turpiter
743 1676 878 1727 repulsi
897 1700 909 1722 ‚
936 1679 1111 1727 protinus
1128 1677 1166 1712 in
1183 1688 1249 1711 ur-

86 1727 169 1766 bem
187 1753 199 1774 ,
215 1734 331 1766 armis
350 1729 711 1781 impedimentisque
726 1730 866 1768 amiffis
885 1755 897 1775 ,
914 1729 1134 1781 refugerunt
1152 1756 1159 1763 .
1186 1727 1246 1765 U-

87 1781 146 1820 sus
161 1782 211 1820 est
224 1782 486 1832 Thrasybulus
503 1799 577 1821 non
594 1786 720 1822 minus
737 1784 939 1834 prudentia
957 1797 1070 1835 quarn
1087 1781 1246 1820 fortitu-

87 1836 174 1873 dine
189 1865 198 1872 .
229 1851 316 1874 nam
332 1837 508 1875 cedentes
526 1838 665 1875 violari
683 1841 806 1875 vetuit
825 1852 836 1883 3
854 1841 956 1875 cives
973 1840 1074 1875 enim
1093 1836 1244 1874 civibus

86 1902 235 1940 parcere
251 1905 394 1942 aequum
411 1891 587 1929 censebat
606 1920 614 1927 .
641 1905 763 1942 neque
780 1891 978 1943 quisquam
996 1890 1047 1928 est
1066 1890 1245 1927 vulnera-

85 1953 146 1980 tus
159 1967 171 1989 ,
187 1944 253 1981 nisi
271 1949 336 1996 qui
354 1948 693 1996 prior-impugnare
710 1946 834 1983 voluit
853 1973 860 1981 .
893 1945 1100 1983 Neminem
1117 1945 1245 1993 jacen-

85 2008 160 2033 tem
181 1997 278 2035 veste
294 1998 477 2048 spoliavit
496 2014 503 2036 ε
534 2000 589 2036 nil
607 2002 737 2052 attigit
756 2025 768 2045 ,
803 1999 868 2036 nisi
887 2013 989 2036 arma
1007 2011 1166 2048 quorum
1185 2000 1245 2032 in-

89 2050 239 2103 digebat
258 2075 270 2097 ,
299 2054 335 2090 &
364 2067 442 2104 quae
471 2053 520 2091 ad
539 2052 680 2092 vietum
711 2054 954 2104 pertinebant
972 2081 980 2090 .
1010 2051 1056 2089 In
1086 2049 1247 2090 secundo

768 2106 804 2146 C
864 2121 881 2156 3
1098 2118 1195 2156 proe-
