<?xml version="1.0" encoding="UTF-8"?>
<!DOCTYPE html PUBLIC "-//W3C//DTD XHTML 1.0 Transitional//EN"
    "http://www.w3.org/TR/xhtml1/DTD/xhtml1-transitional.dtd">
<html xmlns="http://www.w3.org/1999/xhtml" xml:lang="en" lang="en">
 <head>
  <title>
</title>
<meta http-equiv="Content-Type" content="text/html;charset=utf-8" />
  <meta name='ocr-system' content='tesseract 3.04.00' />
  <meta name='ocr-capabilities' content='ocr_page ocr_carea ocr_par ocr_line ocrx_word'/>
</head>
<body>
  <div class='ocr_page' id='page_1' title='image "./quaeexstantomnia00nepouoft_0076.png"; bbox 0 0 1714 2719; ppageno 0'>
   <div class='ocr_carea' id='block_1_1' title="bbox 501 165 1398 217">
    <p class='ocr_par' dir='ltr' id='par_1_1' title="bbox 501 165 1398 217">
     <span class='ocr_line' id='line_1_1' title="bbox 501 165 1398 217; baseline -0.003 -10"><span class='ocrx_word' id='word_1_1' title='bbox 501 172 547 217; x_wconf 76' lang='lat'>36</span> <span class='ocrx_word' id='word_1_2' title='bbox 654 165 1026 206; x_wconf 89' lang='lat' dir='ltr'>CORNELII</span> <span class='ocrx_word' id='word_1_3' title='bbox 1083 165 1398 205; x_wconf 88' lang='lat' dir='ltr'>NEPOTIS</span> 
     </span>
    </p>
   </div>
   <div class='ocr_carea' id='block_1_2' title="bbox 445 244 1677 976">
    <p class='ocr_par' dir='ltr' id='par_1_2' title="bbox 445 244 1677 976">
     <span class='ocr_line' id='line_1_2' title="bbox 445 244 1609 296; baseline 0 -11"><span class='ocrx_word' id='word_1_4' title='bbox 445 262 484 285; x_wconf 81' lang='lat' dir='ltr'>re</span> <span class='ocrx_word' id='word_1_5' title='bbox 498 271 511 293; x_wconf 84' lang='lat'>‚</span> <span class='ocrx_word' id='word_1_6' title='bbox 528 244 770 296; x_wconf 85' lang='lat' dir='ltr'>corporisque</span> <span class='ocrx_word' id='word_1_7' title='bbox 787 245 931 282; x_wconf 92' lang='lat' dir='ltr'>viribus</span> <span class='ocrx_word' id='word_1_8' title='bbox 948 245 1068 294; x_wconf 87' lang='lat' dir='ltr'>poffet</span> <span class='ocrx_word' id='word_1_9' title='bbox 1085 248 1313 296; x_wconf 66' lang='lat' dir='ltr'>aequiparare</span> <span class='ocrx_word' id='word_1_10' title='bbox 1332 260 1339 282; x_wconf 90' lang='lat'>:</span> <span class='ocrx_word' id='word_1_11' title='bbox 1360 250 1490 283; x_wconf 79' lang='lat' dir='ltr'>omn&#39;es</span> <span class='ocrx_word' id='word_1_12' title='bbox 1507 249 1609 285; x_wconf 86' lang='lat' dir='ltr'>enim</span> 
     </span>
     <span class='ocr_line' id='line_1_3' title="bbox 446 298 1610 350; baseline -0.001 -11"><span class='ocrx_word' id='word_1_13' title='bbox 446 301 587 339; x_wconf 73' lang='lat' dir='ltr'>Boeotii</span> <span class='ocrx_word' id='word_1_14' title='bbox 603 302 726 350; x_wconf 85' lang='lat' dir='ltr'>magis</span> <span class='ocrx_word' id='word_1_15' title='bbox 746 298 923 335; x_wconf 85' lang='lat' dir='ltr'>firmitati</span> <span class='ocrx_word' id='word_1_16' title='bbox 939 301 1106 348; x_wconf 87' lang='lat' dir='ltr'>corporis</span> <span class='ocrx_word' id='word_1_17' title='bbox 1120 322 1132 344; x_wconf 87' lang='lat'>,</span> <span class='ocrx_word' id='word_1_18' title='bbox 1151 313 1262 350; x_wconf 85' lang='lat' dir='ltr'>quam</span> <span class='ocrx_word' id='word_1_19' title='bbox 1283 301 1428 349; x_wconf 84' lang='lat' dir='ltr'>ingenii</span> <span class='ocrx_word' id='word_1_20' title='bbox 1443 305 1610 338; x_wconf 80' lang='lat' dir='ltr'>acumini</span> 
     </span>
     <span class='ocr_line' id='line_1_4' title="bbox 447 350 1612 403; baseline -0.001 -12"><span class='ocrx_word' id='word_1_21' title='bbox 447 353 662 391; x_wconf 82' lang='lat' dir='ltr'>inserviunt</span> <span class='ocrx_word' id='word_1_22' title='bbox 686 379 694 388; x_wconf 88' lang='lat'><strong>.</strong></span> <span class='ocrx_word' id='word_1_23' title='bbox 725 350 913 388; x_wconf 87' lang='lat' dir='ltr'>Eumdem</span> <span class='ocrx_word' id='word_1_24' title='bbox 943 352 1043 402; x_wconf 88' lang='lat' dir='ltr'>apud</span> <span class='ocrx_word' id='word_1_25' title='bbox 1075 351 1384 389; x_wconf 62' lang='lat' dir='ltr'>Lacedaemonios</span> <span class='ocrx_word' id='word_1_26' title='bbox 1409 375 1422 397; x_wconf 82' lang='lat'>,</span> <span class='ocrx_word' id='word_1_27' title='bbox 1453 367 1612 403; x_wconf 86' lang='lat' dir='ltr'>quorum</span> 
     </span>
     <span class='ocr_line' id='line_1_5' title="bbox 446 404 1614 455; baseline -0.001 -11"><span class='ocrx_word' id='word_1_28' title='bbox 446 407 617 445; x_wconf 86' lang='lat' dir='ltr'>moribus</span> <span class='ocrx_word' id='word_1_29' title='bbox 637 404 779 442; x_wconf 87' lang='lat' dir='ltr'>summa</span> <span class='ocrx_word' id='word_1_30' title='bbox 809 408 931 442; x_wconf 89' lang='lat' dir='ltr'>virtus</span> <span class='ocrx_word' id='word_1_31' title='bbox 949 407 988 441; x_wconf 88' lang='lat' dir='ltr'>in</span> <span class='ocrx_word' id='word_1_32' title='bbox 1005 407 1195 454; x_wconf 86' lang='lat' dir='ltr'>patientia</span> <span class='ocrx_word' id='word_1_33' title='bbox 1213 405 1424 455; x_wconf 84' lang='lat' dir='ltr'>ponebatur</span> <span class='ocrx_word' id='word_1_34' title='bbox 1440 428 1453 450; x_wconf 68' lang='lat'>5</span> <span class='ocrx_word' id='word_1_35' title='bbox 1483 405 1528 443; x_wconf 81' lang='lat' dir='ltr'>sic</span> <span class='ocrx_word' id='word_1_36' title='bbox 1544 407 1614 443; x_wconf 88' lang='lat' dir='ltr'>du-</span> 
     </span>
     <span class='ocr_line' id='line_1_6' title="bbox 448 457 1614 508; baseline -0.002 -10"><span class='ocrx_word' id='word_1_37' title='bbox 448 464 544 498; x_wconf 81' lang='lat' dir='ltr'>ritiae</span> <span class='ocrx_word' id='word_1_38' title='bbox 561 459 597 497; x_wconf 93' lang='lat' dir='ltr'>se</span> <span class='ocrx_word' id='word_1_39' title='bbox 615 457 755 496; x_wconf 82' lang='lat' dir='ltr'>dedisse</span> <span class='ocrx_word' id='word_1_40' title='bbox 773 482 785 503; x_wconf 83' lang='lat'>‚</span> <span class='ocrx_word' id='word_1_41' title='bbox 815 470 856 494; x_wconf 90' lang='lat' dir='ltr'>ut</span> <span class='ocrx_word' id='word_1_42' title='bbox 890 457 1115 507; x_wconf 78' lang='lat' dir='ltr'>parsimonia</span> <span class='ocrx_word' id='word_1_43' title='bbox 1136 459 1258 495; x_wconf 59' lang='lat' dir='ltr'>vietus</span> <span class='ocrx_word' id='word_1_44' title='bbox 1288 470 1403 508; x_wconf 85' lang='lat' dir='ltr'>atque</span> <span class='ocrx_word' id='word_1_45' title='bbox 1418 458 1544 496; x_wconf 88' lang='lat' dir='ltr'>cultus</span> <span class='ocrx_word' id='word_1_46' title='bbox 1573 475 1614 497; x_wconf 93' lang='lat' dir='ltr'>o-</span> 
     </span>
     <span class='ocr_line' id='line_1_7' title="bbox 446 510 1611 561; baseline -0.002 -10"><span class='ocrx_word' id='word_1_47' title='bbox 446 528 553 551; x_wconf 89' lang='lat' dir='ltr'>mnes</span> <span class='ocrx_word' id='word_1_48' title='bbox 585 512 892 550; x_wconf 80' lang='lat' dir='ltr'>Lacedaemonios</span> <span class='ocrx_word' id='word_1_49' title='bbox 923 513 1092 548; x_wconf 87' lang='lat' dir='ltr'>vinceret</span> <span class='ocrx_word' id='word_1_50' title='bbox 1118 539 1125 546; x_wconf 92' lang='lat'>.</span> <span class='ocrx_word' id='word_1_51' title='bbox 1158 510 1282 548; x_wconf 80' lang='lat' dir='ltr'>Fuisse</span> <span class='ocrx_word' id='word_1_52' title='bbox 1298 512 1397 561; x_wconf 87' lang='lat' dir='ltr'>apud</span> <span class='ocrx_word' id='word_1_53' title='bbox 1418 510 1611 558; x_wconf 83' lang='lat' dir='ltr'>Thracas,</span> 
     </span>
     <span class='ocr_line' id='line_1_8' title="bbox 447 563 1611 615; baseline -0.002 -11"><span class='ocrx_word' id='word_1_54' title='bbox 447 568 621 604; x_wconf 86' lang='lat' dir='ltr'>homines</span> <span class='ocrx_word' id='word_1_55' title='bbox 653 564 876 602; x_wconf 84' lang='lat' dir='ltr'>vinolentos</span> <span class='ocrx_word' id='word_1_56' title='bbox 894 588 906 610; x_wconf 82' lang='lat'>,</span> <span class='ocrx_word' id='word_1_57' title='bbox 937 563 1118 615; x_wconf 83' lang='lat' dir='ltr'>rebusque</span> <span class='ocrx_word' id='word_1_58' title='bbox 1145 567 1316 602; x_wconf 84' lang='lat' dir='ltr'><strong>venereis</strong></span> <span class='ocrx_word' id='word_1_59' title='bbox 1336 565 1512 601; x_wconf 83' lang='lat' dir='ltr'>deditos:</span> <span class='ocrx_word' id='word_1_60' title='bbox 1543 566 1611 602; x_wconf 87' lang='lat' dir='ltr'>hos</span> 
     </span>
     <span class='ocr_line' id='line_1_9' title="bbox 449 615 1616 671; baseline -0.002 -14"><span class='ocrx_word' id='word_1_61' title='bbox 449 634 601 671; x_wconf 91' lang='lat' dir='ltr'>quoque</span> <span class='ocrx_word' id='word_1_62' title='bbox 634 622 673 654; x_wconf 91' lang='lat' dir='ltr'>in</span> <span class='ocrx_word' id='word_1_63' title='bbox 690 618 749 664; x_wconf 83' lang='lat' dir='ltr'>his</span> <span class='ocrx_word' id='word_1_64' title='bbox 765 617 873 654; x_wconf 87' lang='lat' dir='ltr'>rebus</span> <span class='ocrx_word' id='word_1_65' title='bbox 903 616 1132 654; x_wconf 78' lang='lat' dir='ltr'>antecessisse</span> <span class='ocrx_word' id='word_1_66' title='bbox 1149 644 1157 652; x_wconf 90' lang='lat'>.</span> <span class='ocrx_word' id='word_1_67' title='bbox 1188 617 1344 654; x_wconf 72' lang='lat' dir='ltr'>Venisse</span> <span class='ocrx_word' id='word_1_68' title='bbox 1376 618 1423 654; x_wconf 91' lang='lat' dir='ltr'>ad</span> <span class='ocrx_word' id='word_1_69' title='bbox 1453 615 1582 656; x_wconf 87' lang='lat' dir='ltr'>Persas</span> <span class='ocrx_word' id='word_1_70' title='bbox 1601 642 1616 664; x_wconf 84' lang='lat'>‚</span> 
     </span>
     <span class='ocr_line' id='line_1_10' title="bbox 452 669 1675 723; baseline -0.001 -13"><span class='ocrx_word' id='word_1_71' title='bbox 452 674 555 723; x_wconf 89' lang='lat' dir='ltr'>apud</span> <span class='ocrx_word' id='word_1_72' title='bbox 571 685 664 722; x_wconf 86' lang='lat' dir='ltr'>quos</span> <span class='ocrx_word' id='word_1_73' title='bbox 681 669 823 706; x_wconf 86' lang='lat' dir='ltr'>summa</span> <span class='ocrx_word' id='word_1_74' title='bbox 843 670 925 706; x_wconf 90' lang='lat' dir='ltr'>laus</span> <span class='ocrx_word' id='word_1_75' title='bbox 942 670 1032 706; x_wconf 82' lang='lat' dir='ltr'>esset</span> <span class='ocrx_word' id='word_1_76' title='bbox 1063 669 1215 707; x_wconf 84' lang='lat' dir='ltr'>sortiter</span> <span class='ocrx_word' id='word_1_77' title='bbox 1232 674 1362 709; x_wconf 86' lang='lat' dir='ltr'>venari</span> <span class='ocrx_word' id='word_1_78' title='bbox 1381 694 1393 716; x_wconf 84' lang='lat'>‚</span> <span class='ocrx_word' id='word_1_79' title='bbox 1423 671 1618 709; x_wconf 87' lang='lat' dir='ltr'>luxuriose</span> <span class='ocrx_word' id='word_1_80' title='bbox 1674 669 1675 675; x_wconf 39' lang='lat'>¹</span> 
     </span>
     <span class='ocr_line' id='line_1_11' title="bbox 451 721 1614 774; baseline -0.001 -11"><span class='ocrx_word' id='word_1_81' title='bbox 451 730 581 763; x_wconf 87' lang='lat' dir='ltr'>vivere</span> <span class='ocrx_word' id='word_1_82' title='bbox 599 740 606 761; x_wconf 74' lang='grc' dir='ltr'>ε</span> <span class='ocrx_word' id='word_1_83' title='bbox 626 725 759 760; x_wconf 87' lang='lat' dir='ltr'>horum</span> <span class='ocrx_word' id='word_1_84' title='bbox 776 722 822 760; x_wconf 75' lang='lat' dir='ltr'>sie</span> <span class='ocrx_word' id='word_1_85' title='bbox 840 725 1037 759; x_wconf 78' lang='lat' dir='ltr'>imitatum</span> <span class='ocrx_word' id='word_1_86' title='bbox 1055 721 1367 760; x_wconf 87' lang='lat' dir='ltr'>consuetudinem</span> <span class='ocrx_word' id='word_1_87' title='bbox 1381 747 1393 769; x_wconf 86' lang='lat'>,</span> <span class='ocrx_word' id='word_1_88' title='bbox 1411 736 1452 760; x_wconf 89' lang='lat' dir='ltr'>ut</span> <span class='ocrx_word' id='word_1_89' title='bbox 1467 725 1529 761; x_wconf 89' lang='lat' dir='ltr'>illi</span> <span class='ocrx_word' id='word_1_90' title='bbox 1549 725 1614 774; x_wconf 77' lang='lat' dir='ltr'>ipsi</span> 
     </span>
     <span class='ocr_line' id='line_1_12' title="bbox 452 773 1676 837; baseline -0.001 -21"><span class='ocrx_word' id='word_1_91' title='bbox 452 793 539 817; x_wconf 88' lang='lat' dir='ltr'>eum</span> <span class='ocrx_word' id='word_1_92' title='bbox 557 781 595 814; x_wconf 89' lang='lat' dir='ltr'>in</span> <span class='ocrx_word' id='word_1_93' title='bbox 611 777 671 813; x_wconf 86' lang='lat' dir='ltr'>his</span> <span class='ocrx_word' id='word_1_94' title='bbox 701 778 871 812; x_wconf 84' lang='lat' dir='ltr'>maxime</span> <span class='ocrx_word' id='word_1_95' title='bbox 901 776 1182 812; x_wconf 83' lang='lat' dir='ltr'>admirarentur</span> <span class='ocrx_word' id='word_1_96' title='bbox 1199 803 1206 811; x_wconf 90' lang='lat'><strong>.</strong></span> <span class='ocrx_word' id='word_1_97' title='bbox 1238 777 1388 837; x_wconf 81' lang='lat' dir='ltr'>Qibus</span> <span class='ocrx_word' id='word_1_98' title='bbox 1405 777 1512 813; x_wconf 87' lang='lat' dir='ltr'>rebus</span> <span class='ocrx_word' id='word_1_99' title='bbox 1529 779 1619 815; x_wconf 87' lang='lat' dir='ltr'>effe-</span> <span class='ocrx_word' id='word_1_100' title='bbox 1674 773 1676 797; x_wconf 66' lang='lat'>²</span> 
     </span>
     <span class='ocr_line' id='line_1_13' title="bbox 453 828 1676 880; baseline -0.002 -11"><span class='ocrx_word' id='word_1_101' title='bbox 453 831 541 870; x_wconf 82' lang='lat' dir='ltr'>cisse</span> <span class='ocrx_word' id='word_1_102' title='bbox 569 842 610 867; x_wconf 91' lang='lat' dir='ltr'>ut</span> <span class='ocrx_word' id='word_1_103' title='bbox 640 830 741 879; x_wconf 87' lang='lat' dir='ltr'>apud</span> <span class='ocrx_word' id='word_1_104' title='bbox 761 829 1014 879; x_wconf 89' lang='lat' dir='ltr'>quoscumque</span> <span class='ocrx_word' id='word_1_105' title='bbox 1050 828 1166 873; x_wconf 79' lang='lat' dir='ltr'>esset,</span> <span class='ocrx_word' id='word_1_106' title='bbox 1196 842 1399 879; x_wconf 84' lang='lat' dir='ltr'>poneretur</span> <span class='ocrx_word' id='word_1_107' title='bbox 1415 833 1616 880; x_wconf 86' lang='lat' dir='ltr'>princeps,</span> <span class='ocrx_word' id='word_1_108' title='bbox 1673 859 1676 872; x_wconf 85' lang='lat'><em>.</em></span> 
     </span>
     <span class='ocr_line' id='line_1_14' title="bbox 456 881 1677 934; baseline 0 -12"><span class='ocrx_word' id='word_1_109' title='bbox 456 885 732 934; x_wconf 85' lang='lat' dir='ltr'>habereturque</span> <span class='ocrx_word' id='word_1_110' title='bbox 764 882 972 919; x_wconf 82' lang='lat' dir='ltr'>cariffimus</span> <span class='ocrx_word' id='word_1_111' title='bbox 989 909 998 917; x_wconf 89' lang='lat'><strong>.</strong></span> <span class='ocrx_word' id='word_1_112' title='bbox 1029 883 1099 919; x_wconf 92' lang='lat' dir='ltr'>Sed</span> <span class='ocrx_word' id='word_1_113' title='bbox 1130 881 1220 934; x_wconf 83' lang='lat' dir='ltr'>satis</span> <span class='ocrx_word' id='word_1_114' title='bbox 1250 883 1296 921; x_wconf 89' lang='lat' dir='ltr'>de</span> <span class='ocrx_word' id='word_1_115' title='bbox 1325 882 1395 921; x_wconf 90' lang='lat' dir='ltr'>hoc</span> <span class='ocrx_word' id='word_1_116' title='bbox 1413 897 1420 920; x_wconf 90' lang='lat'>:</span> <span class='ocrx_word' id='word_1_117' title='bbox 1450 883 1618 934; x_wconf 87' lang='lat' dir='ltr'>reliquos</span> <span class='ocrx_word' id='word_1_118' title='bbox 1673 904 1677 931; x_wconf 80' lang='lat'>;</span> 
     </span>
     <span class='ocr_line' id='line_1_15' title="bbox 454 940 676 976; baseline -0.027 1"><span class='ocrx_word' id='word_1_119' title='bbox 454 940 650 976; x_wconf 85' lang='lat' dir='ltr'>ordiamur</span> <span class='ocrx_word' id='word_1_120' title='bbox 669 963 676 971; x_wconf 92' lang='lat'>.</span> 
     </span>
    </p>
   </div>
   <div class='ocr_carea' id='block_1_3' title="bbox 624 1061 1446 1132">
    <p class='ocr_par' dir='ltr' id='par_1_3' title="bbox 624 1061 1446 1132">
     <span class='ocr_line' id='line_1_16' title="bbox 624 1061 1446 1132; baseline 0.001 -6"><span class='ocrx_word' id='word_1_121' title='bbox 624 1061 1446 1132; x_wconf 84' lang='lat' dir='ltr'>THRASYBULUS.</span> 
     </span>
    </p>
   </div>
   <div class='ocr_carea' id='block_1_4' title="bbox 462 1199 1678 1357">
    <p class='ocr_par' dir='ltr' id='par_1_4' title="bbox 462 1199 1678 1357">
     <span class='ocr_line' id='line_1_17' title="bbox 963 1199 1678 1253; baseline -0.003 -15"><span class='ocrx_word' id='word_1_122' title='bbox 963 1199 1115 1238; x_wconf 86' lang='lat' dir='ltr'>v111.</span> <span class='ocrx_word' id='word_1_123' title='bbox 1676 1250 1678 1253; x_wconf 12' lang='grc' dir='ltr'>ι</span> 
     </span>
     <span class='ocr_line' id='line_1_18' title="bbox 462 1288 1677 1357; baseline -0.001 -11"><span class='ocrx_word' id='word_1_124' title='bbox 462 1314 493 1351; x_wconf 83' lang='grc' dir='ltr'>ι,</span> <span class='ocrx_word' id='word_1_125' title='bbox 626 1307 1007 1348; x_wconf 82' lang='lat' dir='ltr'>HRASYBULUS</span> <span class='ocrx_word' id='word_1_126' title='bbox 1038 1307 1256 1357; x_wconf 82' lang='lat' dir='ltr'>Lycifilius</span> <span class='ocrx_word' id='word_1_127' title='bbox 1281 1308 1553 1347; x_wconf 70' lang='lat' dir='ltr'>Athenienfis.</span> <span class='ocrx_word' id='word_1_128' title='bbox 1584 1309 1622 1346; x_wconf 68' lang='lat' dir='ltr'>si</span> <span class='ocrx_word' id='word_1_129' title='bbox 1675 1288 1677 1290; x_wconf 65' lang='grc'><strong><em>’</em></strong></span> 
     </span>
    </p>
   </div>
   <div class='ocr_carea' id='block_1_5' title="bbox 465 1361 1680 2145">
    <p class='ocr_par' dir='ltr' id='par_1_5' title="bbox 465 1361 1680 2145">
     <span class='ocr_line' id='line_1_19' title="bbox 654 1361 1626 1415; baseline -0.001 -15"><span class='ocrx_word' id='word_1_130' title='bbox 654 1378 719 1415; x_wconf 87' lang='lat' dir='ltr'>per</span> <span class='ocrx_word' id='word_1_131' title='bbox 736 1362 772 1399; x_wconf 89' lang='lat' dir='ltr'>se</span> <span class='ocrx_word' id='word_1_132' title='bbox 789 1366 911 1399; x_wconf 86' lang='lat' dir='ltr'>virtus</span> <span class='ocrx_word' id='word_1_133' title='bbox 928 1362 1003 1399; x_wconf 79' lang='lat' dir='ltr'>sine</span> <span class='ocrx_word' id='word_1_134' title='bbox 1019 1361 1172 1398; x_wconf 86' lang='lat' dir='ltr'>fortuna</span> <span class='ocrx_word' id='word_1_135' title='bbox 1192 1363 1434 1412; x_wconf 85' lang='lat' dir='ltr'>ponderanda</span> <span class='ocrx_word' id='word_1_136' title='bbox 1453 1363 1496 1400; x_wconf 80' lang='lat' dir='ltr'>sit</span> <span class='ocrx_word' id='word_1_137' title='bbox 1514 1387 1526 1408; x_wconf 82' lang='lat'>‚</span> <span class='ocrx_word' id='word_1_138' title='bbox 1555 1362 1626 1399; x_wconf 90' lang='lat' dir='ltr'>du-</span> 
     </span>
     <span class='ocr_line' id='line_1_20' title="bbox 465 1413 1625 1465; baseline -0.005 -7"><span class='ocrx_word' id='word_1_139' title='bbox 465 1422 548 1459; x_wconf 88' lang='lat' dir='ltr'>bito</span> <span class='ocrx_word' id='word_1_140' title='bbox 563 1433 612 1456; x_wconf 88' lang='lat' dir='ltr'>an</span> <span class='ocrx_word' id='word_1_141' title='bbox 630 1418 729 1455; x_wconf 91' lang='lat' dir='ltr'>hunc</span> <span class='ocrx_word' id='word_1_142' title='bbox 745 1419 908 1465; x_wconf 84' lang='lat' dir='ltr'>primum</span> <span class='ocrx_word' id='word_1_143' title='bbox 939 1417 1109 1452; x_wconf 90' lang='lat' dir='ltr'>omnium</span> <span class='ocrx_word' id='word_1_144' title='bbox 1128 1429 1267 1465; x_wconf 85' lang='lat' dir='ltr'>ponam</span> <span class='ocrx_word' id='word_1_145' title='bbox 1285 1443 1292 1450; x_wconf 94' lang='lat'><strong><em>.</em></strong></span> <span class='ocrx_word' id='word_1_146' title='bbox 1323 1413 1392 1452; x_wconf 80' lang='lat' dir='ltr'>Illi</span> <span class='ocrx_word' id='word_1_147' title='bbox 1418 1415 1492 1452; x_wconf 86' lang='lat' dir='ltr'>fine</span> <span class='ocrx_word' id='word_1_148' title='bbox 1508 1415 1625 1452; x_wconf 87' lang='lat' dir='ltr'>dubio</span> 
     </span>
     <span class='ocr_line' id='line_1_21' title="bbox 467 1467 1626 1520; baseline -0.007 -8"><span class='ocrx_word' id='word_1_149' title='bbox 467 1475 660 1513; x_wconf 84' lang='lat' dir='ltr'>neminem</span> <span class='ocrx_word' id='word_1_150' title='bbox 677 1468 831 1520; x_wconf 82' lang='lat' dir='ltr'>praesero</span> <span class='ocrx_word' id='word_1_151' title='bbox 848 1468 923 1506; x_wconf 85' lang='lat' dir='ltr'>fide</span> <span class='ocrx_word' id='word_1_152' title='bbox 939 1493 952 1514; x_wconf 88' lang='lat'>,</span> <span class='ocrx_word' id='word_1_153' title='bbox 982 1467 1194 1506; x_wconf 86' lang='lat' dir='ltr'>constantia</span> <span class='ocrx_word' id='word_1_154' title='bbox 1214 1493 1226 1514; x_wconf 84' lang='lat'>,</span> <span class='ocrx_word' id='word_1_155' title='bbox 1256 1469 1525 1519; x_wconf 85' lang='lat' dir='ltr'>magnitudine</span> <span class='ocrx_word' id='word_1_156' title='bbox 1540 1470 1626 1505; x_wconf 83' lang='lat' dir='ltr'>ani-</span> 
     </span>
     <span class='ocr_line' id='line_1_22' title="bbox 465 1521 1627 1574; baseline -0.004 -11"><span class='ocrx_word' id='word_1_157' title='bbox 465 1530 521 1566; x_wconf 82' lang='lat' dir='ltr'>mi</span> <span class='ocrx_word' id='word_1_158' title='bbox 539 1551 552 1572; x_wconf 77' lang='lat'>,</span> <span class='ocrx_word' id='word_1_159' title='bbox 583 1528 620 1562; x_wconf 90' lang='lat' dir='ltr'>in</span> <span class='ocrx_word' id='word_1_160' title='bbox 639 1525 802 1574; x_wconf 88' lang='lat' dir='ltr'>patriam</span> <span class='ocrx_word' id='word_1_161' title='bbox 818 1536 946 1560; x_wconf 86' lang='lat' dir='ltr'>amore</span> <span class='ocrx_word' id='word_1_162' title='bbox 962 1548 971 1557; x_wconf 87' lang='lat'>.</span> <span class='ocrx_word' id='word_1_163' title='bbox 1001 1521 1105 1558; x_wconf 86' lang='lat' dir='ltr'>Nam</span> <span class='ocrx_word' id='word_1_164' title='bbox 1124 1523 1223 1572; x_wconf 88' lang='lat' dir='ltr'>quod</span> <span class='ocrx_word' id='word_1_165' title='bbox 1253 1523 1370 1559; x_wconf 91' lang='lat' dir='ltr'>multi</span> <span class='ocrx_word' id='word_1_166' title='bbox 1388 1521 1593 1558; x_wconf 90' lang='lat' dir='ltr'>voluerunt</span> <span class='ocrx_word' id='word_1_167' title='bbox 1612 1545 1627 1568; x_wconf 75' lang='lat'>,</span> 
     </span>
     <span class='ocr_line' id='line_1_23' title="bbox 465 1575 1625 1632; baseline -0.006 -14"><span class='ocrx_word' id='word_1_168' title='bbox 465 1581 578 1632; x_wconf 79' lang='lat' dir='ltr'>pauci</span> <span class='ocrx_word' id='word_1_169' title='bbox 609 1587 816 1629; x_wconf 87' lang='lat' dir='ltr'>potuerunt</span> <span class='ocrx_word' id='word_1_170' title='bbox 834 1599 847 1620; x_wconf 80' lang='lat'>,</span> <span class='ocrx_word' id='word_1_171' title='bbox 876 1575 924 1612; x_wconf 89' lang='lat' dir='ltr'>ab</span> <span class='ocrx_word' id='word_1_172' title='bbox 939 1589 1016 1612; x_wconf 91' lang='lat' dir='ltr'>uno</span> <span class='ocrx_word' id='word_1_173' title='bbox 1047 1588 1214 1624; x_wconf 85' lang='lat' dir='ltr'>tyranno</span> <span class='ocrx_word' id='word_1_174' title='bbox 1243 1579 1409 1624; x_wconf 84' lang='lat' dir='ltr'>patriam</span> <span class='ocrx_word' id='word_1_175' title='bbox 1438 1575 1600 1612; x_wconf 86' lang='lat' dir='ltr'>liberare</span> <span class='ocrx_word' id='word_1_176' title='bbox 1617 1590 1625 1611; x_wconf 89' lang='lat'>:</span> 
     </span>
     <span class='ocr_line' id='line_1_24' title="bbox 468 1626 1680 1681; baseline -0.007 -9"><span class='ocrx_word' id='word_1_177' title='bbox 468 1636 557 1672; x_wconf 88' lang='lat' dir='ltr'>huic</span> <span class='ocrx_word' id='word_1_178' title='bbox 573 1632 737 1681; x_wconf 84' lang='lat' dir='ltr'>contigit</span> <span class='ocrx_word' id='word_1_179' title='bbox 754 1653 767 1674; x_wconf 65' lang='lat'>5</span> <span class='ocrx_word' id='word_1_180' title='bbox 796 1639 837 1665; x_wconf 86' lang='lat' dir='ltr'>ut</span> <span class='ocrx_word' id='word_1_181' title='bbox 852 1643 872 1665; x_wconf 87' lang='lat' dir='ltr'>a</span> <span class='ocrx_word' id='word_1_182' title='bbox 891 1631 1049 1680; x_wconf 84' lang='lat' dir='ltr'>triginta</span> <span class='ocrx_word' id='word_1_183' title='bbox 1067 1629 1278 1679; x_wconf 88' lang='lat' dir='ltr'>oppressam</span> <span class='ocrx_word' id='word_1_184' title='bbox 1297 1631 1473 1678; x_wconf 84' lang='lat' dir='ltr'>tyrannis</span> <span class='ocrx_word' id='word_1_185' title='bbox 1490 1641 1534 1665; x_wconf 86' lang='lat' dir='ltr'>ex</span> <span class='ocrx_word' id='word_1_186' title='bbox 1553 1626 1629 1665; x_wconf 89' lang='lat' dir='ltr'>ser-</span> <span class='ocrx_word' id='word_1_187' title='bbox 1676 1654 1680 1664; x_wconf 84' lang='lat'>.</span> 
     </span>
     <span class='ocr_line' id='line_1_25' title="bbox 466 1681 1628 1732; baseline -0.005 -8"><span class='ocrx_word' id='word_1_188' title='bbox 466 1690 594 1727; x_wconf 84' lang='lat' dir='ltr'>vitute</span> <span class='ocrx_word' id='word_1_189' title='bbox 611 1688 650 1722; x_wconf 89' lang='lat' dir='ltr'>in</span> <span class='ocrx_word' id='word_1_190' title='bbox 667 1683 884 1720; x_wconf 85' lang='lat' dir='ltr'>libertatem</span> <span class='ocrx_word' id='word_1_191' title='bbox 904 1683 1117 1719; x_wconf 86' lang='lat' dir='ltr'>vindicaret</span> <span class='ocrx_word' id='word_1_192' title='bbox 1135 1709 1143 1717; x_wconf 90' lang='lat'><strong>.</strong></span> <span class='ocrx_word' id='word_1_193' title='bbox 1175 1683 1244 1719; x_wconf 90' lang='lat' dir='ltr'>Sed</span> <span class='ocrx_word' id='word_1_194' title='bbox 1262 1681 1388 1719; x_wconf 89' lang='lat' dir='ltr'>nescio</span> <span class='ocrx_word' id='word_1_195' title='bbox 1403 1695 1477 1732; x_wconf 92' lang='lat' dir='ltr'>quo</span> <span class='ocrx_word' id='word_1_196' title='bbox 1493 1683 1628 1727; x_wconf 85' lang='lat' dir='ltr'>modo,</span> 
     </span>
     <span class='ocr_line' id='line_1_26' title="bbox 465 1734 1631 1781; baseline -0.007 -2"><span class='ocrx_word' id='word_1_197' title='bbox 465 1754 552 1781; x_wconf 88' lang='lat' dir='ltr'>cum</span> <span class='ocrx_word' id='word_1_198' title='bbox 569 1752 656 1776; x_wconf 88' lang='lat' dir='ltr'>eum</span> <span class='ocrx_word' id='word_1_199' title='bbox 672 1750 784 1773; x_wconf 89' lang='lat' dir='ltr'>nemo</span> <span class='ocrx_word' id='word_1_200' title='bbox 799 1738 962 1772; x_wconf 89' lang='lat' dir='ltr'>anteiret</span> <span class='ocrx_word' id='word_1_201' title='bbox 979 1735 1038 1772; x_wconf 83' lang='lat' dir='ltr'>his</span> <span class='ocrx_word' id='word_1_202' title='bbox 1056 1736 1262 1772; x_wconf 87' lang='lat' dir='ltr'>virtutibus</span> <span class='ocrx_word' id='word_1_203' title='bbox 1279 1759 1292 1781; x_wconf 82' lang='lat'>,</span> <span class='ocrx_word' id='word_1_204' title='bbox 1311 1735 1426 1772; x_wconf 90' lang='lat' dir='ltr'>multi</span> <span class='ocrx_word' id='word_1_205' title='bbox 1443 1734 1631 1772; x_wconf 89' lang='lat' dir='ltr'>nobilita-</span> 
     </span>
     <span class='ocr_line' id='line_1_27' title="bbox 467 1787 1679 1844; baseline -0.002 -15"><span class='ocrx_word' id='word_1_206' title='bbox 467 1807 506 1834; x_wconf 79' lang='lat' dir='ltr'>te</span> <span class='ocrx_word' id='word_1_207' title='bbox 521 1802 790 1844; x_wconf 78' lang='lat' dir='ltr'>przcurrerunt</span> <span class='ocrx_word' id='word_1_208' title='bbox 807 1816 815 1823; x_wconf 94' lang='lat'><strong>.</strong></span> <span class='ocrx_word' id='word_1_209' title='bbox 836 1789 1003 1826; x_wconf 86' lang='lat' dir='ltr'>Primum</span> <span class='ocrx_word' id='word_1_210' title='bbox 1023 1788 1296 1838; x_wconf 80' lang='lat' dir='ltr'>Peloponnesio</span> <span class='ocrx_word' id='word_1_211' title='bbox 1309 1788 1412 1825; x_wconf 92' lang='lat' dir='ltr'>bello</span> <span class='ocrx_word' id='word_1_212' title='bbox 1427 1789 1549 1825; x_wconf 89' lang='lat' dir='ltr'>multa</span> <span class='ocrx_word' id='word_1_213' title='bbox 1567 1787 1630 1826; x_wconf 88' lang='lat' dir='ltr'>hic</span> <span class='ocrx_word' id='word_1_214' title='bbox 1676 1817 1679 1835; x_wconf 78' lang='grc'>.,</span> 
     </span>
     <span class='ocr_line' id='line_1_28' title="bbox 471 1841 1678 1895; baseline -0.003 -13"><span class='ocrx_word' id='word_1_215' title='bbox 471 1850 547 1887; x_wconf 84' lang='lat' dir='ltr'>sme</span> <span class='ocrx_word' id='word_1_216' title='bbox 563 1843 770 1882; x_wconf 88' lang='lat' dir='ltr'>Alcibiade</span> <span class='ocrx_word' id='word_1_217' title='bbox 799 1843 903 1895; x_wconf 82' lang='lat' dir='ltr'>geffit</span> <span class='ocrx_word' id='word_1_218' title='bbox 922 1867 935 1887; x_wconf 81' lang='lat'>,</span> <span class='ocrx_word' id='word_1_219' title='bbox 966 1842 1035 1878; x_wconf 88' lang='lat' dir='ltr'>ille</span> <span class='ocrx_word' id='word_1_220' title='bbox 1051 1842 1200 1878; x_wconf 87' lang='lat' dir='ltr'>nullam</span> <span class='ocrx_word' id='word_1_221' title='bbox 1219 1856 1295 1879; x_wconf 89' lang='lat' dir='ltr'>rem</span> <span class='ocrx_word' id='word_1_222' title='bbox 1333 1841 1408 1878; x_wconf 85' lang='lat' dir='ltr'>fine</span> <span class='ocrx_word' id='word_1_223' title='bbox 1423 1841 1520 1878; x_wconf 85' lang='lat' dir='ltr'>hoc:</span> <span class='ocrx_word' id='word_1_224' title='bbox 1550 1854 1630 1892; x_wconf 81' lang='lat' dir='ltr'>quae</span> <span class='ocrx_word' id='word_1_225' title='bbox 1676 1881 1678 1885; x_wconf 53' lang='grc'><strong>,</strong></span> 
     </span>
     <span class='ocr_line' id='line_1_29' title="bbox 472 1894 1632 1946; baseline -0.007 -8"><span class='ocrx_word' id='word_1_226' title='bbox 472 1902 543 1938; x_wconf 86' lang='lat' dir='ltr'>ille</span> <span class='ocrx_word' id='word_1_227' title='bbox 558 1895 732 1935; x_wconf 74' lang='lat' dir='ltr'>universa</span> <span class='ocrx_word' id='word_1_228' title='bbox 750 1896 917 1932; x_wconf 86' lang='lat' dir='ltr'>naturali</span> <span class='ocrx_word' id='word_1_229' title='bbox 934 1896 1097 1946; x_wconf 89' lang='lat' dir='ltr'>quodam</span> <span class='ocrx_word' id='word_1_230' title='bbox 1116 1895 1214 1932; x_wconf 92' lang='lat' dir='ltr'>bono</span> <span class='ocrx_word' id='word_1_231' title='bbox 1231 1894 1323 1933; x_wconf 88' lang='lat' dir='ltr'>fecit</span> <span class='ocrx_word' id='word_1_232' title='bbox 1340 1896 1436 1932; x_wconf 89' lang='lat' dir='ltr'>lucri</span> <span class='ocrx_word' id='word_1_233' title='bbox 1453 1922 1460 1929; x_wconf 94' lang='lat'><em>.</em></span> <span class='ocrx_word' id='word_1_234' title='bbox 1493 1895 1561 1932; x_wconf 90' lang='lat' dir='ltr'>Sed</span> <span class='ocrx_word' id='word_1_235' title='bbox 1580 1894 1632 1930; x_wconf 87' lang='lat' dir='ltr'>il-</span> 
     </span>
     <span class='ocr_line' id='line_1_30' title="bbox 472 1947 1632 1998; baseline -0.008 -6"><span class='ocrx_word' id='word_1_236' title='bbox 472 1956 511 1992; x_wconf 87' lang='lat' dir='ltr'>la</span> <span class='ocrx_word' id='word_1_237' title='bbox 530 1965 660 1991; x_wconf 87' lang='lat' dir='ltr'>tamen</span> <span class='ocrx_word' id='word_1_238' title='bbox 678 1952 806 1988; x_wconf 86' lang='lat' dir='ltr'>omnia</span> <span class='ocrx_word' id='word_1_239' title='bbox 823 1951 1039 1986; x_wconf 86' lang='lat' dir='ltr'>communia</span> <span class='ocrx_word' id='word_1_240' title='bbox 1071 1949 1364 1998; x_wconf 89' lang='lat' dir='ltr'>imperatoribus</span> <span class='ocrx_word' id='word_1_241' title='bbox 1379 1962 1466 1985; x_wconf 91' lang='lat' dir='ltr'>cum</span> <span class='ocrx_word' id='word_1_242' title='bbox 1490 1947 1632 1984; x_wconf 86' lang='lat' dir='ltr'>militi-</span> 
     </span>
     <span class='ocr_line' id='line_1_31' title="bbox 471 2001 1666 2052; baseline -0.008 -6"><span class='ocrx_word' id='word_1_243' title='bbox 471 2008 541 2046; x_wconf 90' lang='lat' dir='ltr'>bus</span> <span class='ocrx_word' id='word_1_244' title='bbox 557 2008 592 2043; x_wconf 84' lang='lat'>&amp;</span> <span class='ocrx_word' id='word_1_245' title='bbox 604 2004 755 2042; x_wconf 81' lang='lat' dir='ltr'>fortuna</span> <span class='ocrx_word' id='word_1_246' title='bbox 773 2017 780 2038; x_wconf 90' lang='lat'>:</span> <span class='ocrx_word' id='word_1_247' title='bbox 812 2003 912 2052; x_wconf 92' lang='lat' dir='ltr'>quod</span> <span class='ocrx_word' id='word_1_248' title='bbox 929 2005 967 2038; x_wconf 89' lang='lat' dir='ltr'>in</span> <span class='ocrx_word' id='word_1_249' title='bbox 984 2002 1111 2052; x_wconf 87' lang='lat' dir='ltr'>proelii</span> <span class='ocrx_word' id='word_1_250' title='bbox 1127 2001 1307 2039; x_wconf 89' lang='lat' dir='ltr'>concursu</span> <span class='ocrx_word' id='word_1_251' title='bbox 1323 2001 1404 2038; x_wconf 89' lang='lat' dir='ltr'>abit</span> <span class='ocrx_word' id='word_1_252' title='bbox 1421 2015 1478 2038; x_wconf 88' lang='lat' dir='ltr'>res</span> <span class='ocrx_word' id='word_1_253' title='bbox 1503 2015 1522 2037; x_wconf 91' lang='lat' dir='ltr'>a</span> <span class='ocrx_word' id='word_1_254' title='bbox 1541 2015 1632 2038; x_wconf 91' lang='lat' dir='ltr'>con·</span> <span class='ocrx_word' id='word_1_255' title='bbox 1664 2047 1666 2050; x_wconf 69' lang='lat'>‚</span> 
     </span>
     <span class='ocr_line' id='line_1_32' title="bbox 473 2053 1631 2108; baseline -0.004 -11"><span class='ocrx_word' id='word_1_256' title='bbox 473 2061 559 2100; x_wconf 80' lang='lat' dir='ltr'>filio</span> <span class='ocrx_word' id='word_1_257' title='bbox 589 2059 636 2096; x_wconf 89' lang='lat' dir='ltr'>ad</span> <span class='ocrx_word' id='word_1_258' title='bbox 654 2060 753 2096; x_wconf 81' lang='lat' dir='ltr'>vires</span> <span class='ocrx_word' id='word_1_259' title='bbox 771 2080 784 2102; x_wconf 83' lang='lat'>‚</span> <span class='ocrx_word' id='word_1_260' title='bbox 815 2058 969 2107; x_wconf 88' lang='lat' dir='ltr'>vimque</span> <span class='ocrx_word' id='word_1_261' title='bbox 998 2058 1251 2108; x_wconf 84' lang='lat' dir='ltr'>pugnantium</span> <span class='ocrx_word' id='word_1_262' title='bbox 1268 2083 1275 2092; x_wconf 92' lang='lat'><strong>.</strong></span> <span class='ocrx_word' id='word_1_263' title='bbox 1306 2053 1442 2107; x_wconf 89' lang='lat' dir='ltr'>Itaque</span> <span class='ocrx_word' id='word_1_264' title='bbox 1469 2056 1550 2106; x_wconf 85' lang='lat' dir='ltr'>jure</span> <span class='ocrx_word' id='word_1_265' title='bbox 1567 2053 1631 2092; x_wconf 87' lang='lat' dir='ltr'>suo</span> 
     </span>
     <span class='ocr_line' id='line_1_33' title="bbox 1480 2121 1578 2145; baseline -0.01 0"><span class='ocrx_word' id='word_1_266' title='bbox 1480 2121 1578 2145; x_wconf 90' lang='lat' dir='ltr'>non-</span> 
     </span>
    </p>
   </div>
   <div class='ocr_carea' id='block_1_6' title="bbox 1631 0 1714 2719">
    <p class='ocr_par' dir='ltr' id='par_1_6' title="bbox 1631 0 1714 2719">
     <span class='ocr_line' id='line_1_34' title="bbox 1631 0 1714 2719; baseline 0 0"><span class='ocrx_word' id='word_1_267' title='bbox 1631 0 1714 2719; x_wconf 95' lang='lat' dir='ltr'> </span> 
     </span>
    </p>
   </div>
  </div>
 </body>
</html>
