1714 2719
323 176 383 214 Μ
428 171 745 213 poRqus
785 171 1005 212 CATO.
1122 185 1190 221 109

85 272 170 305 tur,
187 257 228 297 P.
245 260 371 308 Scipio
389 256 622 298 Africanus,
639 253 768 292 consul
788 258 943 298 iterum,
962 253 1066 304 cujus
1086 256 1121 290 in
1140 255 1246 304 prio·

85 328 124 351 re
140 312 335 351 consulatu
353 309 506 361 quaestor
535 307 659 344 fuerat
680 331 692 353 ‚
723 307 849 344 voluit
865 320 948 343 eum
965 307 1010 343 de
1040 309 1241 358 provincia

85 367 276 414 depellere
293 389 304 411 ‚
320 365 355 401 &
374 362 450 415 ipse
465 365 499 399 ei
517 361 709 398 succedere
726 375 733 397 :
764 374 886 412 neque
903 359 972 396 hoc
989 373 1053 409 per
1070 359 1240 397 senatum

86 422 229 458 efficere
244 421 369 470 potuit
388 440 401 462 ‚
429 429 513 453 cum
531 415 682 465 quidem
702 414 828 464 Scipio
845 416 882 449 in
911 415 1072 450 civitate
1101 416 1245 464 princi-

87 487 218 524 patum
235 472 421 509 obtineret
442 483 453 512 ς
474 469 573 519 quod
591 480 671 504 tum
690 481 763 504 non
782 469 952 517 potentia
967 490 980 511 ,
999 465 1058 504 seul
1076 467 1154 517 jure
1170 465 1244 503 res-

87 527 237 577 publica
267 521 604 561 administrabatur
621 548 628 556 .
659 523 744 581 Qa
781 534 826 558 ex
865 534 903 558 re
933 522 1050 556 iratus
1069 544 1081 565 ,
1111 519 1241 558 senatu

87 578 235 630 perndie
251 602 264 622 ‚
295 579 467 627 privatus
494 579 529 612 in
559 574 649 612 urbe
677 573 811 611 mansit
830 601 837 608 .
869 573 926 610 At
955 572 1057 610 Cito
1072 598 1085 619 ,
1116 572 1246 610 censor

85 646 172 670 cum
188 632 319 669 codem
337 628 473 667 Flacco
489 628 612 666 satius
629 652 641 670 s
673 626 797 664 severe
814 626 962 678 prresuit
979 629 1013 663 ei
1039 626 1216 677 potestati
1233 654 1241 662 .

86 684 189 724 Nam
207 687 241 722 sc
260 687 298 721 in
315 684 529 734 complures
546 682 693 719 nobiles
708 682 982 718 animadvertit
999 704 1012 725 ,
1041 682 1075 716 ὃ(
1101 681 1243 717 multas

87 753 144 776 res
161 752 279 775 novas
298 740 333 774 in
352 736 515 774 edietum
533 735 683 772 addidit
702 758 714 780 ,
743 748 813 785 qua
836 749 874 772 rc
897 734 1044 770 luxuria
1065 738 1246 784 reprime-

88 806 190 830 retur
203 816 216 836 ,
235 805 312 842 quae
327 792 403 842 jam
423 803 503 827 tum
524 788 731 838 incipiebat
748 788 940 838 pullulare
957 815 964 822 .
994 786 1161 825 Circiter
1177 801 1246 823 an-

89 860 158 883 nos
174 845 366 895 oeloginta
397 843 575 894 usquead
605 854 813 878 extremam
831 853 978 878 aetatem
997 864 1010 885 ‚
1040 841 1087 877 ab
1111 841 1245 878 adole-

90 899 249 942 scentia,
270 897 485 947 reipublicae
501 895 622 933 caussa
643 893 825 944 suscipere
843 896 1070 931 inimicitias
1087 909 1163 931 non
1179 895 1246 931 de-

90 951 184 989 stitit
198 980 205 987 .
238 951 274 988 A
291 950 425 988 multis
442 961 629 993 tentatus,
647 961 719 984 non
737 949 852 984 modo
868 947 1018 984 nullum
1036 948 1247 985 detrimen-

89 1019 169 1042 tum
187 1003 482 1042 existimationis
512 1001 605 1039 fecit
622 1025 635 1047 ‚
665 1000 726 1038 sed
743 1002 867 1051 quoad
894 1004 994 1038 vixit
1013 1024 1026 1046 ,
1057 1003 1245 1037 virtutum

90 1059 201 1096 laude
225 1061 345 1096 crevit
363 1083 373 1093 .

141 1110 212 1147 III.
243 1110 285 1148 In
303 1110 479 1148 omnibus
497 1109 603 1147 rebus
620 1108 799 1160 singulari
815 1107 889 1145 fuit
906 1108 1107 1159 prudentia
1134 1109 1169 1144 ὅ(
1188 1110 1248 1143 in-

91 1165 228 1203 dustria
249 1192 256 1200 .
288 1164 390 1201 Nam
408 1166 442 1200 ὃ(
459 1164 625 1214 agricola
643 1161 776 1207 solers,
791 1162 827 1197 ὅ(
850 1161 1065 1212 reipublicae
1082 1164 1245 1211 perituS‚

90 1217 428 1270 &jurisconsultus
445 1241 458 1262 ‚
488 1219 523 1252 ὃ(
542 1229 700 1266 magnus
718 1217 926 1266 imperator
942 1239 954 1260 ,
984 1216 1019 1251 ἃ
1036 1214 1245 1265 probabilis

88 1284 251 1316 orator,
277 1270 585 1320 &cupidissimus
615 1270 813 1306 literarum
843 1267 917 1305 fuit
934 1295 942 1303 .
973 1271 1147 1330 Qarum
1175 1267 1249 1304 stu-

92 1327 196 1362 dium
214 1323 278 1361 ets1
297 1323 420 1361 senior
434 1326 647 1372 arripuerat
664 1345 676 1366 ,
706 1333 834 1360 tamen
853 1334 1004 1358 tantum
1024 1337 1062 1358 in
1079 1324 1132 1358 eis
1162 1334 1250 1371 pro-

92 1378 250 1430 gressum
273 1376 364 1415 fecit
381 1401 394 1423 ,
423 1389 464 1414 ut
480 1391 556 1413 non
574 1375 689 1413 facile
706 1379 868 1426 reperire
897 1375 1007 1426 possis
1024 1399 1037 1420 ‚
1066 1389 1187 1425 neque
1202 1375 1247 1411 de

91 1431 253 1473 Graecis,
270 1445 392 1482 neque
407 1432 452 1467 de
467 1429 617 1467 Italicis
634 1428 759 1475 rebus,
776 1429 876 1480 quod
894 1432 928 1466 ei
944 1428 1060 1466 fuerit
1078 1430 1250 1479 incogni-

94 1499 174 1523 tum
193 1512 201 1520 .
232 1484 297 1522 Ab
313 1483 568 1521 adolescentia
601 1481 768 1520 confecit
797 1485 988 1521 orationes
1006 1510 1014 1518 .
1046 1483 1164 1519 Senex
1191 1482 1251 1518 hi-

95 1538 223 1575 storias
254 1537 411 1575 scribere
442 1536 606 1574 instituit
625 1551 636 1580 3
667 1551 824 1587 quarum
844 1537 929 1573 sunt
960 1536 1049 1572 libri
1080 1535 1220 1586 septem
1237 1562 1247 1570 .

95 1592 245 1629 Primus
262 1594 435 1628 continet
451 1605 508 1628 res
522 1589 639 1642 gestas
656 1604 785 1641 regum
802 1591 935 1643 populi
955 1589 1129 1627 Romani
1147 1617 1156 1624 .
1186 1590 1251 1626 Se-

95 1646 238 1683 cundus
255 1669 268 1690 ‚
297 1646 331 1681 ὃ(
348 1648 484 1682 tertius
500 1668 513 1690 ‚
538 1644 637 1680 unde
654 1657 808 1695 quaeque
823 1647 962 1682 civitas
978 1656 1058 1680 orta
1078 1642 1121 1680 fit
1137 1641 1251 1679 Itali-

95 1713 136 1737 ca
155 1727 163 1734 .
193 1698 254 1735 Ob
271 1712 383 1748 quam
405 1712 481 1735 rem
499 1711 629 1735 omnes
646 1721 659 1742 ,
675 1701 834 1745 origines
852 1699 1003 1735 videtur
1017 1695 1224 1747 appellasse
1240 1723 1250 1731 .

95 1751 141 1789 ln
157 1764 293 1802 quarto
307 1764 434 1789 autem
451 1751 596 1788 bellum
626 1749 809 1789 Punicum
835 1755 1002 1801 primum
1020 1765 1027 1787 :
1059 1753 1096 1786 in
1115 1752 1251 1800 quinto

96 1805 298 1843 secundum
315 1832 323 1841 .
354 1804 488 1856 Atque
507 1805 583 1842 haec
597 1808 725 1842 omnia
743 1806 987 1856 capitulatim
1020 1803 1103 1840 sunt
1121 1802 1220 1840 dicia
1241 1829 1250 1837 .

97 1859 269 1910 Reliqua
290 1858 389 1896 bella
408 1861 489 1909 pari
506 1859 620 1895 modo
637 1857 850 1908 persecutus
868 1858 919 1895 est
936 1882 948 1903 ‚
966 1855 1081 1908 usque
1098 1857 1143 1893 ad
1162 1870 1252 1906 pra:-

95 1926 222 1950 turam
239 1913 315 1953 Ser,
332 1911 468 1949 Galbae
485 1937 498 1958 ,
514 1914 580 1963 qui
595 1912 758 1962 diripuit
775 1911 978 1950 Lusitanos
995 1938 1003 1947 .
1035 1910 1167 1961 Atque
1185 1911 1256 1946 ho-

98 1981 179 2004 rum
199 1965 385 2002 bellorum
403 1967 514 2002 duces
531 1980 606 2002 non
623 1968 840 2003 nominavit
858 1989 871 2011 5
901 1964 963 2002 sed
982 1964 1056 2001 fine
1086 1965 1256 2000 nomini·

98 2019 166 2056 bus
183 2033 239 2056 res
256 2023 409 2056 notavit
426 2047 434 2054 .
453 2017 496 2055 In
516 2016 649 2056 iisdem
667 2018 840 2068 exposuit
865 2043 879 2064 ς,
896 2032 972 2069 quae
991 2022 1028 2054 in
1045 2016 1161 2054 ltalia
1180 2014 1260 2051 Hi-

98 2071 314 2124 spaniisque
329 2073 549 2111 viderentur
563 2073 785 2110 admiranda
803 2100 813 2109 .
842 2071 887 2110 In
905 2072 1041 2123 quibus
1056 2071 1178 2108 multa
1198 2072 1257 2107 in-

1065 2123 1205 2162 dustria
