1714 2719
495 154 549 192 90
656 138 1028 181 coRNssLn
1083 136 1398 182 ΝΕΡοΤῙε

445 223 526 262 &us
545 248 558 270 3
586 223 715 261 statim
731 223 842 262 duces
859 221 1010 260 adversa
1019 225 1080 260 riae
1096 222 1277 262 samonis
1295 223 1434 275 capitis'
1450 225 1608 267 damna-

444 290 505 315 tos
523 281 646 328 patria
663 278 814 328 pepulit
832 294 839 315 :
871 279 909 314 in
928 277 986 313 his
1004 276 1236 316 Phocionem
1255 302 1268 324 ,
1298 279 1334 315 ὅ(
1358 277 1605 319 Demetrium

443 331 671 368 Phalereum
690 346 697 368 :
727 332 848 382 deque
863 345 904 368 ea
935 345 974 369 re
1003 331 1153 384 legatos
1182 333 1230 370 ad
1259 331 1607 383 Polyperchontem

440 385 544 422 misit
562 409 575 431 ,
605 388 669 435 qui
686 384 734 422 ab
750 400 794 423 eo
810 396 983 439 peterent
1000 396 1041 422 ut
1073 385 1136 423 sua
1153 386 1304 425 decreta
1333 386 1575 425 confirmaret
1596 415 1604 423 .

439 435 535 476 Huc
553 440 684 476 eodem
703 439 894 489 profecius
911 439 960 476 est
982 438 1151 477 Phocion
1169 467 1178 475 .
1198 454 1272 492 quo
1289 451 1331 477 ut
1349 443 1457 478 venit
1471 464 1483 486 ,
1501 441 1608 478 caus-

437 491 518 529 sam
536 493 637 543 apud
654 492 878 544 Philippum
897 506 1020 545 regem
1047 494 1164 531 verbo
1181 518 1194 540 ,
1224 508 1263 531 re
1295 493 1374 544 ipsa
1392 494 1545 545 quidem
1567 508 1608 531 a-

437 546 518 595 pud
534 545 881 597 Polyperchontem
895 571 908 591 ,
923 546 1038 596 jussus
1055 546 1106 585 est
1123 547 1249 585 dicere
1263 576 1272 583 .
1292 561 1457 599 namque
1474 550 1505 584 is
1523 559 1608 585 tum

437 602 538 649 regis
554 599 664 637 rebus
681 613 835 650 praeerat
852 627 860 635 .
892 598 974 637 Hic
1004 615 1090 637 cum
1119 601 1168 638 ab
1185 600 1394 652 Agnonide
1408 600 1607 638 accusatus

435 652 527 689 esset
545 677 557 698 ,
577 659 677 704 quod
696 653 875 691 Piraeeum
894 653 1083 690 Nicanori
1099 655 1324 703 prodidiffet
1340 679 1353 700 ,
1371 668 1416 691 ex
1433 654 1611 692 consimi-

434 705 467 742 li
486 705 673 744 sententia
694 710 732 743 in
751 706 959 743 custodiam
976 707 1169 757 conjeElus
1188 731 1202 752 ,
1232 706 1409 745 Athenas
1426 707 1607 745 deductus
1659 723 1664 755 ξ

433 757 486 795 est
505 783 517 804 ‚
548 771 589 796 ut
612 760 667 796 ibi
684 761 730 797 de
746 775 791 798 eo
807 759 957 811 legibus
975 759 1082 798 fieret
1097 761 1284 810 judicium
1304 788 1312 796 .
1660 803 1661 806 Ἴ
1713 762 1714 765 ’

486 811 559 850 IV.
591 812 682 850 Huc
699 813 764 850 ubi
794 825 1021 864 perventum
1051 813 1102 851 est
1121 838 1134 860 ,
1163 828 1247 851 cum
1285 824 1441 864 propter
1456 823 1608 850 aetatem
1655 817 1658 824 “

431 867 594 918 pedibus
623 869 702 918 jam
734 882 811 904 non
845 867 992 904 valeret
1014 892 1028 913 ,
1058 867 1314 919 vehiculoque
1348 877 1566 917 portaretur
1593 889 1608 912 ,

431 923 564 973 magni
581 921 784 959 concursus
801 919 887 957 sunt
904 919 997 958 faffl
1015 937 1023 958 :
1041 935 1128 958 cum
1146 921 1216 958 alii
1236 920 1523 958 reminiscentes
1540 933 1608 957 ve-

430 978 524 1012 teris
543 973 651 1011 famae
669 997 682 1021 ,
713 977 836 1011 aetatis
851 973 1149 1012 misererentur:
1180 975 1339 1025 plurimi
1359 988 1448 1011 vero
1464 976 1521 1010 ira
1539 986 1609 1010 ex-
1662 976 1667 1018 ᾖ

428 1040 657 1066 acuerentur
672 1040 828 1079 propter
841 1029 1077 1078 proditionis
1094 1027 1347 1077 suspicionem
1365 1026 1509 1063 Piraeei:
1524 1039 1608 1064 ma-
1663 1044 1669 1068 ;

428 1085 613 1133 ximeque
628 1081 728 1132 quod
746 1081 926 1118 adversus
957 1081 1098 1131 populi
1128 1081 1329 1117 commoda
1350 1082 1389 1117 in
1415 1078 1608 1117 senectute
1665 1073 1669 1095 Τ

430 1134 586 1172 steterat
603 1162 612 1169 .
643 1137 731 1188 Qua
750 1135 796 1170 de
815 1148 852 1172 re
869 1148 917 1172 ne
933 1134 1136 1185 perorandi
1149 1135 1303 1184 quidem
1321 1135 1459 1171 cidara
1479 1131 1530 1169 est
1548 1131 1608 1169 fa-

427 1188 554 1226 cultas
571 1211 584 1233 ,
613 1189 649 1224 &
679 1189 832 1225 dicendi
862 1187 1027 1225 caussam
1047 1215 1055 1223 .
1085 1185 1181 1224 Inde
1209 1187 1355 1237 judicio
1372 1211 1385 1232 ,
1416 1188 1605 1237 legitimis

428 1241 656 1293 quibusdam
674 1240 861 1279 confeEiis
879 1265 891 1287 ‚
907 1243 1111 1278 damnatus
1128 1264 1141 1286 3
1159 1241 1324 1278 traditus
1341 1240 1391 1278 est
1408 1241 1607 1277 undecim-

428 1298 524 1333 viris
542 1319 555 1341 ,
572 1295 710 1345 quibus
726 1296 774 1332 ad
792 1295 1023 1346 supplicium
1040 1309 1146 1331 more
1163 1292 1458 1332 Atheniensium
1475 1292 1604 1344 publi-

427 1362 471 1386 ce
491 1350 667 1387 damnati
685 1349 786 1386 tradi
803 1349 929 1386 solent
946 1376 955 1384 .
987 1346 1069 1385 Hic
1085 1362 1172 1385 cum
1188 1348 1236 1384 ad
1265 1360 1430 1385 mortem
1447 1348 1602 1385 ducere-

428 1413 493 1440 tur
506 1426 518 1447 ,
551 1402 689 1440 obvius
706 1405 741 1439 ei
759 1401 834 1439 fuit
851 1401 1114 1451 Emphyletus
1131 1425 1144 1447 ,
1162 1415 1237 1451 quo
1254 1399 1505 1438 familiariter
1519 1399 1608 1437 fue-v

428 1468 488 1493 rat
505 1455 591 1493 usus
609 1484 618 1492 .
648 1454 686 1492 Is
716 1470 803 1493 cum
833 1457 1040 1493 lacrimans
1073 1454 1228 1492 dixisset
1247 1477 1259 1500 ,
1289 1462 1318 1492 Ο
1335 1468 1441 1502 quam
1457 1454 1604 1501 indigna

423 1512 614 1559 perpeteris
629 1532 643 1554 3
661 1508 816 1545 Phocion
834 1508 842 1545 ἔ
861 1510 948 1546 huic
964 1510 1049 1554 ille,
1068 1513 1125 1546 At
1139 1521 1208 1544 non
1223 1511 1426 1557 inopinata,
1444 1511 1572 1559 inquit
1589 1520 1602 1552 3

426 1562 518 1599 hunc
533 1566 624 1599 enim
638 1565 775 1599 exitum
797 1561 955 1612 plerique
982 1562 1074 1599 clari
1103 1564 1178 1598 viri
1195 1560 1393 1598 habuerunt
1408 1561 1607 1599 Athenien-

418 1616 476 1666 ses
495 1644 504 1652 .
533 1617 577 1654 In
595 1618 667 1655 hoc
682 1628 837 1655 tantum
854 1616 930 1653 fuit
949 1618 1080 1661 odium
1097 1616 1366 1654 multitudinis
1384 1640 1397 1662 ,
1426 1628 1468 1653 ut
1486 1628 1602 1652 nemo

427 1669 538 1760 nasus
556 1670 599 1709 fit
616 1685 699 1709 eum
732 1671 832 1708 liber
861 1670 1045 1722 sepelire.
1075 1669 1213 1721 Itaque
1234 1683 1255 1707 a
1282 1668 1401 1708 servis
1431 1668 1602 1720 sepultus

431 1736 452 1761 c·
501 1754 510 1763 .

1459 2093 1587 2138 T1-;
