1714 2719
506 169 552 206 34
661 154 1035 196 CORNELII
1090 156 1403 196 NEPo‘rls

452 238 566 276 mendi
582 239 754 274 exercitus
772 264 781 272 .
812 235 951 289 Neque
966 251 1007 275 ea
1025 251 1082 275 res
1100 237 1211 274 illum
1228 237 1374 276 fefellit
1391 266 1399 274 .
1431 251 1517 277 nam
1535 239 1619 291 Ly-

454 292 588 330 sander
603 305 687 329 cum
704 304 769 341 per
785 289 1040 340 speculatores
1070 291 1307 341 comperisset
1325 315 1338 338 ,
1368 292 1525 343 vulgum
1557 295 1616 332 A-

456 345 708 384 theniensium
726 347 764 380 in
782 355 921 380 terram
938 345 1146 394 praedatum
1164 343 1280 381 exisse
1297 368 1310 390 ,
1340 346 1529 396 navesque
1545 360 1619 397 Ρι-

459 414 507 437 ne
523 402 654 436 inanes
672 397 821 434 reli&as
839 421 852 442 ,
869 409 1018 447 tempus
1035 401 1088 434 rei
1105 397 1272 448 gerendae
1288 412 1364 435 non
1383 399 1543 446 dimisit,
1555 414 1621 438 eo-

459 467 533 504 que
549 456 693 502 impetu
714 462 838 488 toturn
858 450 1002 487 bellum
1019 451 1164 487 delevit
1184 477 1193 486 .

509 504 586 542 IX.
615 504 674 541 At
693 503 918 541 Alcibiades
951 503 1061 540 viffis
1079 503 1377 541 Atheniensibus
1391 522 1406 548 5
1435 519 1510 542 non
1529 504 1622 544 satis

461 572 544 597 tuta
562 560 692 596 eadem
710 557 792 594 loca
810 556 876 593 fibi
892 556 1082 593 arbitrans
1101 580 1113 601 ,
1131 560 1283 606 penitus
1300 560 1339 593 in
1361 556 1564 595 Thraciam
1585 558 1621 597 se

461 612 569 662 supra
589 610 862 660 Propontidem
893 610 1041 646 abdidit
1058 633 1071 653 ,
1103 609 1253 659 sperans
1271 609 1326 646 ibi
1357 609 1545 649 facillime
1563 611 1624 649 su-
1671 610 1674 626 ²

461 680 523 703 am
541 664 736 701 fortunam
758 663 879 699 occuli
896 663 998 712 posse
1015 689 1022 697 .
1054 661 1165 699 Falso
1185 677 1195 707 3
1230 677 1316 700 nam
1337 662 1502 702 Thraces
1519 665 1623 715 post-

464 732 580 769 quam
597 731 682 754 eum
699 729 784 752 cum
801 729 937 766 magna
955 718 1114 766 pecunia
1133 715 1277 754 venilse
1293 715 1485 755 senserunt
1503 742 1516 764 ,
1535 718 1626 755 insi-
1672 752 1676 772 ;

463 773 546 808 dias
564 773 599 807 ei
616 769 786 806 fecerunt
803 795 811 802 .
843 771 907 818 qui
925 782 965 804 ea
985 781 1062 819 quae
1080 773 1302 817 apportavit
1319 793 1331 813 ‚
1360 768 1595 808 abstulerunt
1613 785 1623 808 ε
1673 774 1675 795 ²

464 823 587 874 ipsum
605 836 737 872 capere
754 835 828 858 non
846 833 1051 870 potuerunt
1069 848 1077 856 .
1107 819 1182 858 Ille
1197 835 1352 858 cernens
1365 846 1377 867 ,
1394 823 1545 860 nullum
1567 824 1628 861 lo-

465 891 553 915 cum
570 875 635 913 fibi
652 887 778 913 tutum
796 877 833 910 in
849 873 998 912 Graecia
1016 899 1028 920 ‚
1046 886 1201 924 propter
1217 878 1431 925 potentiam
1449 875 1628 914 Lacedae-
1674 886 1675 914 1

466 933 684 967 munierum
703 952 715 973 ,
740 929 787 965 ad
805 927 1091 964 Pharnabazum
1110 931 1147 964 in
1166 927 1296 965 Asiam
1313 929 1482 967 transsit.
1513 944 1627 980 quem

468 984 624 1034 quidem
641 983 737 1019 adeo
765 981 828 1018 sua
845 984 947 1031 cepit
978 981 1218 1018 humanitate
1234 1004 1247 1027 ,
1276 993 1317 1018 ut
1335 996 1420 1020 eum
1444 996 1556 1020 nemo
1586 986 1627 1020 in

470 1039 645 1074 amicitia
664 1036 903 1072 antecederet
918 1062 926 1069 .
959 1048 1122 1085 namque
1139 1038 1173 1071 ei
1191 1033 1386 1071 Grunium
1402 1036 1557 1073 dederat
1587 1039 1629 1072 in

470 1090 639 1140 Phrygia
671 1087 829 1125 castrum
847 1111 860 1132 ,
889 1101 934 1124 ex
953 1101 1026 1137 quo
1051 1089 1492 1138 quinquaginta'talenta
1511 1088 1630 1126 veE‘ti-
1672 1093 1676 1102 ⁴

471 1143 573 1194 galis
596 1141 758 1179 habebat
775 1169 784 1176 .
815 1143 900 1201 Qia
919 1139 1070 1177 fortuna
1091 1139 1316 1178 Alcibiades
1334 1154 1411 1178 non
1429 1152 1509 1178 erat
1539 1156 1631 1179 con-

469 1208 600 1233 tentus
618 1219 630 1240 ‚
661 1208 782 1245 neque
815 1193 992 1233 Athenas
1023 1193 1142 1231 vi&as
1161 1193 1461 1232 Lacedaemoniis
1492 1194 1632 1234 servire

471 1261 622 1301 poterat
652 1251 734 1298 pati
755 1276 764 1283 .
794 1247 930 1297 Itaque
946 1248 991 1284 ad
1008 1250 1171 1297 patriam
1188 1247 1426 1285 liberandam
1451 1251 1557 1285 omni
1573 1247 1633 1285 fe-

466 1302 628 1340 rebatur
643 1304 878 1352 cogitatione
891 1327 903 1336 .
921 1299 982 1337 sed
999 1300 1172 1346 videbat,
1189 1301 1226 1337 id
1243 1301 1319 1337 sine
1335 1315 1419 1352 rege
1432 1300 1629 1340 Persarum
1674 1305 1677 1314 '

473 1370 553 1392 non
571 1353 673 1405 poffe
688 1354 770 1391 fieri
788 1382 797 1390 .
828 1356 989 1404 ideoque
1005 1368 1090 1391 eum
1106 1357 1270 1391 amicum
1288 1353 1354 1390 sibi
1372 1355 1548 1405 cupiebat
1563 1356 1633 1392 ad-

474 1410 583 1460 jungi
601 1435 610 1442 .
628 1406 765 1458 Neque
781 1407 982 1446 dubitabat
998 1407 1114 1445 facile
1130 1407 1165 1444 se
1180 1406 1466 1445 consecuturum
1480 1433 1493 1455 ,
1510 1408 1532 1445 fi
1550 1423 1633 1446 mo.-

474 1463 525 1499 do
542 1463 620 1512 ejus
633 1463 886 1498 conveniendi
903 1460 1088 1498 habuisset
1103 1459 1326 1512 potestatem
1340 1488 1348 1496 .
1367 1460 1469 1498 Nam
1483 1462 1634 1511 Cyrum

476 1514 634 1552 fratrem
652 1517 686 1551 ei
705 1513 849 1551 bellum
870 1514 970 1552 clam
987 1528 1118 1565 parare
1134 1513 1432 1551 Lacedaemoniis
1447 1516 1636 1566 adjuvan-

475 1568 580 1605 tibus
598 1567 738 1604 sciebat
755 1595 763 1602 .
796 1569 831 1605 id
850 1568 872 1605 fi
891 1571 926 1604 ei
941 1567 1145 1617 aperuisset
1163 1591 1176 1613 ,
1191 1581 1369 1619 magnam
1387 1567 1423 1605 se
1437 1568 1485 1605 ab
1500 1583 1544 1606 eo
1560 1571 1637 1605 ini-

475 1633 604 1658 turum
620 1623 783 1670 gratiam
801 1621 955 1659 videbat
972 1648 981 1656 .

528 1673 582 1710 X.
613 1672 708 1711 Haec
723 1689 807 1711 cum
836 1674 1062 1720 moliretur,
1092 1685 1314 1725 peteretque
1337 1688 1357 1711 a
1388 1673 1634 1712 Pharnabazo

471 1739 513 1765 ut
528 1728 574 1764 ad
593 1741 716 1778 regem
733 1731 950 1766 mitteretur
964 1752 978 1773 ‚
1008 1729 1138 1766 eodem
1156 1740 1327 1778 tempore
1341 1727 1487 1765 Critias
1503 1752 1516 1773 ‚
1533 1740 1636 1765 cete-

473 1784 581 1832 rique
596 1785 753 1828 tyranni
770 1781 1064 1819 Atheniensium
1082 1806 1094 1827 ,
1124 1794 1247 1819 certos
1278 1782 1450 1818 homines
1468 1782 1516 1818 ad
1553 1780 1636 1831 Ly-

475 1834 650 1871 sandrum
670 1837 707 1870 in
726 1834 855 1871 Asiam
874 1834 1058 1872 miserunt
1075 1859 1088 1880 ,
1119 1838 1183 1885 qui
1200 1849 1284 1872 eum
1302 1837 1502 1872 certiorem
1533 1833 1636 1873 face-

475 1900 560 1925 rent
578 1911 592 1933 ,
621 1888 688 1938 nisi
706 1887 952 1926 Alcibiadem
985 1887 1186 1926 sustuliffet
1205 1912 1217 1934 9
1247 1889 1345 1925 nihil
1359 1902 1492 1925 earum
1509 1901 1634 1926 rerum

476 1940 559 1978 sore
574 1953 697 1978 ratum
729 1955 821 1992 quas
851 1942 930 1992 ipse
958 1940 1127 1979 Athenis
1158 1941 1408 1980 constituisset
1425 1969 1432 1977 .
1465 1955 1580 1992 quare
1608 1941 1634 1979 fi

474 1993 558 2031 suas
575 2007 631 2031 res
646 1993 765 2046 gestas
782 2009 934 2032 manere
950 1995 1087 2040 vellet,
1103 1995 1213 2032 illum
1233 1994 1516 2046 persequeretur
1528 2022 1536 2030 .
1554 1993 1635 2033 His

474 2045 605 2086 Lacon
624 2048 732 2086 rebus
761 2060 973 2087 commotus
992 2072 1004 2095 ³
1035 2049 1166 2086 statuit
1196 2053 1407 2088 accuratius
1436 2048 1502 2087 fibi
1519 2062 1636 2099 agen-

1490 2101 1579 2139 dum
