1714 2719
499 181 549 216 94
656 163 1029 205 CORNELII
1083 166 1398 205 NEPOTIS

449 246 578 284 omnia
603 258 612 281 ε
639 257 716 293 quo
729 241 874 280 fastum
891 242 942 281 est
956 255 1000 281 ut
1015 242 1181 295 ejusdem
1201 245 1374 283 natalem
1391 243 1526 286 festum
1542 248 1616 286 ha·
1671 254 1675 271 ³

449 298 552 336 beret
567 295 744 334 universa
761 298 893 335 Sicilia
911 325 920 333 .
952 296 1058 335 Huic
1074 298 1230 348 quidam
1251 298 1483 349 Laphystius
1500 323 1514 345 ,
1540 301 1612 339 ho—
1674 299 1714 315 ¹

445 366 511 389 mo
535 349 713 401 petulans
734 374 748 396 ,
776 351 813 387 &
844 353 1047 401 ingratus,
1076 352 1343 389 vadimonium
1373 367 1458 390 cum
1488 354 1609 392 vellet
1664 386 1666 389 ,
1701 358 1706 400 s

443 408 641 456 imponere
657 427 670 450 ‚
687 404 787 455 quod
803 418 889 441 cum
907 404 979 441 illo
996 403 1031 441 se
1046 404 1130 456 lege
1148 419 1260 456 agere
1274 406 1434 451 diceret3
1455 408 1490 442 ὃ(
1505 421 1611 444 com·
1664 417 1673 440 ῐ
1697 397 1707 419 ”

443 459 572 510 plures
587 457 859 495 concurrissent
875 481 889 502 ,
917 461 983 508 qui
999 461 1274 507 procacitatem
1300 459 1469 497 hominis
1484 463 1612 497 mani-

443 513 512 549 bus
528 517 698 551 coercere
725 522 984 555 conarentur-5
1017 510 1223 549 Timoleon
1242 515 1371 550 oravit
1403 527 1535 551 omnes
1562 528 1612 551 ne
1663 533 1667 540 ·
1713 516 1714 524 ¹

443 566 482 602 id
497 564 666 603 facerent
683 592 692 599 .
724 578 889 614 namque
904 565 943 601 id
959 575 1001 601 ut
1018 563 1230 614 Laphystio
1247 589 1261 612 ‚
1288 566 1498 618 ceterisque
1513 567 1611 604 lice·
1652 563 1655 602 'i
1692 598 1698 607 ,

441 632 501 656 ret
517 643 532 665 ‚
559 618 598 657 se
611 620 802 656 maximos
819 618 967 655 labores
983 641 997 663 ,
1014 617 1234 670 summaque
1249 619 1384 657 adiisse
1407 621 1576 671 pericula
1597 647 1605 655 .
1654 641 1655 659 1
1705 620 1709 633 ¹

440 673 539 710 hanc
553 675 658 710 enim
672 670 836 721 speciem
866 670 1061 707 libertatis
1082 671 1155 708 effe
1171 695 1185 715 ‚
1214 672 1239 709 si
1269 673 1448 710 omnibus
1464 697 1478 719 ,
1508 674 1607 725 quod

442 725 601 777 quisque
617 724 768 770 vellet,
796 724 944 775 legibus
973 726 1138 775 experiri
1165 725 1324 763 liceret.
1352 725 1460 763 Idem
1479 750 1494 772 ‚
1522 741 1607 764 cum

441 781 598 831 quidam
628 777 830 828 Laphystii
862 777 1028 823 fimilis,
1058 781 1216 815 nomine
1246 777 1495 817 Demaenetus
1525 802 1538 824 ‚
1568 783 1609 817 in
1656 779 1664 789 '

441 836 625 870 concione
641 832 775 883 populi
791 833 838 868 de
857 831 966 869 rebus
982 829 1094 882 gestis
1111 833 1191 882 ejus
1207 832 1407 870 detrahere
1423 832 1610 884 coepisset,
1660 859 1662 862 »

440 901 485 924 ac
499 886 689 924 nonnulla
711 886 956 923 inveheretur
973 899 1012 921 m
1033 883 1281 924 Timoleonta
1302 899 1314 931 ς
1343 887 1444 923 dixit
1465 910 1479 931 ,
1508 901 1610 923 nunc

439 942 593 978 demum
610 939 647 977 se
677 941 760 977 voti
791 938 863 976 effe
892 939 1117 975 damnatum
1134 966 1143 974 .
1174 953 1340 990 namque
1376 940 1452 977 haec
1466 953 1486 976 a
1517 938 1610 977 Diis

439 995 725 1031 immortalibus
754 991 900 1042 semper
917 1004 1111 1042 precatum
1129 1017 1143 1038 ‚
1171 1004 1214 1030 ut
1231 993 1350 1030 talem
1387 993 1608 1030 libertatem

438 1046 679 1084 restituerent
696 1044 939 1094 Syracusanis
955 1069 969 1089 ‚
1003 1047 1043 1081 in
1061 1059 1133 1096 qua
1150 1049 1274 1083 cuivis
1291 1046 1423 1095 licerer
1442 1070 1456 1091 ‚
1473 1047 1518 1083 de
1534 1059 1611 1096 quo

441 1101 563 1137 vellet
580 1103 737 1149 impune
751 1101 878 1135 dicere
893 1125 902 1132 .
933 1096 1013 1134 Hic
1029 1113 1115 1135 cum
1132 1099 1233 1135 diem
1251 1098 1466 1148 supremum
1492 1098 1610 1135 obiis-

441 1153 527 1199 set,
556 1152 745 1203 publicea
777 1149 1022 1200 Syracusanis
1054 1154 1093 1188 in
1122 1152 1320 1202 gymnafio
1349 1153 1450 1203 quod
1472 1151 1611 1189 Timo-

439 1207 636 1244 leonteum
651 1204 872 1257 appellatur
888 1228 903 1251 ‚
931 1216 1014 1241 tota
1047 1204 1267 1244 celebrante
1292 1205 1424 1243 Sicilia
1442 1229 1457 1252 ‚
1484 1204 1613 1256 sepul·-

446 1273 509 1298 tus
525 1258 578 1298 est
592 1287 603 1296 .

562 1387 726 1453 DE
832 1386 1489 1456 REGIBUS.

438 1528 469 1567 1.
501 1527 632 1620 HI
670 1526 750 1566 fere
779 1527 937 1567 fuerunt
964 1526 1122 1566 Graeciae
1153 1531 1278 1580 gentis
1295 1528 1407 1566 duces
1436 1532 1501 1579 qui
1530 1542 1612 1566 me-

641 1586 760 1620 moria
779 1583 888 1634 digni
918 1583 1123 1620 videantur
1142 1606 1155 1628 ‚
1172 1595 1304 1634 praeter
1319 1596 1424 1635 reges
1443 1609 1452 1617 .
1484 1581 1610 1621 Nam-

440 1651 514 1687 que
529 1652 594 1676 eos
610 1639 802 1687 attingere
831 1637 1026 1675 noluimus
1041 1660 1054 1683 ,
1085 1637 1186 1688 quod
1215 1639 1387 1674 omnium
1414 1650 1471 1673 res
1503 1635 1610 1688 gestae

440 1690 644 1742 separatim
661 1690 746 1728 sunt
763 1691 908 1729 relatae.
939 1689 1078 1741 Neque
1096 1703 1224 1728 tamen
1241 1690 1280 1727 hi
1296 1690 1503 1728 admodum
1520 1688 1608 1727 sunt

440 1746 557 1782 multi
579 1772 586 1780 .
621 1744 930 1782 Lacedaemonius
947 1756 1074 1781 autem
1091 1744 1290 1795 Agefilaus
1303 1767 1317 1791 ,
1332 1746 1512 1789 nomine,
1531 1757 1609 1781 non

440 1797 629 1849 potestate
644 1798 719 1835 suit
739 1812 801 1834 rex
820 1823 834 1845 ,
868 1799 959 1837 ficut
974 1801 1089 1836 ceteri
1120 1799 1296 1848 Spartani
1313 1824 1323 1833 .
1351 1797 1412 1834 Ex
1428 1796 1488 1835 his
1518 1811 1608 1834 vero

441 1856 508 1903 qui
525 1853 765 1890 dominatum
791 1855 953 1903 imperio
968 1863 1188 1898 tenuerunt,
1204 1851 1511 1889 excellentiffimi
1526 1849 1609 1888 fue-

439 1917 528 1943 runt
543 1906 561 1956 (
576 1918 617 1944 ut
633 1920 703 1942 nos
722 1906 965 1957 judicamus)
981 1906 1178 1944 Persarum
1195 1929 1208 1952 ‚
1224 1904 1351 1954 Cyrus
1363 1929 1377 1950 ‚
1407 1905 1443 1942 &
1460 1903 1606 1942 Darius

442 1957 651 2011 Hystaspis
667 1959 770 1996 filius
788 1975 796 1996 :
827 1974 987 2011 quorum
1018 1973 1176 2011 uterque
1212 1961 1388 2010 privatus
1414 1983 1428 2004 ‚
1458 1961 1603 1995 virtute

438 2027 596 2066 regnum
613 2013 665 2052 est
681 2014 843 2064 adeptus
861 2041 868 2049 .
900 2013 1008 2051 Prior
1024 2014 1158 2051 horum
1180 2014 1280 2064 apud
1309 2011 1545 2064 Massagetas
1562 2013 1603 2048 in

439 2068 577 2119 proelio
593 2069 749 2106 cecidit:
772 2065 915 2106 Darius
933 2066 1122 2106 seneElute
1142 2068 1244 2105 diem
1260 2065 1359 2105 obiit
1375 2065 1600 2155 supr÷munr

1495 2132 1551 2155 res

1699 1512 1714 1923 ξΡ-ῚῌΕΒΒἿΙΠΡΓ
