1714 2719
264 190 867 234 -THEMmTOCLEs,
947 188 999 228 11.
1113 202 1158 238 13

55 278 164 332 gulos
180 273 384 315 const-&ari
400 287 616 326 cogeretur:
634 287 727 324 quos
744 273 767 310 si
785 272 910 310 statim
928 269 1212 321 aggrederetur,

58 333 162 370 brevi
179 328 372 368 universos
389 327 643 379 oppressurum
663 353 672 362 .
703 324 793 363 Hoc
808 339 853 363 eo
870 325 1022 361 valebat
1039 347 1053 369 ,
1082 335 1122 361 ut
1153 326 1214 361 in-

57 388 191 437 gratiis
219 383 265 424 ad
295 381 586 433 depugnandum
615 393 749 417 omnes
777 389 1001 430 cogerentur
1018 405 1027 412 .
1059 375 1147 414 Hac
1173 391 1212 414 re

59 439 187 475 andita
206 435 379 474 barbarus
396 458 407 478 ‚
438 434 533 471 nihil
553 434 630 470 doli
649 432 790 470 subesse
818 432 973 470 credens
990 454 1003 476 ,
1033 429 1214 480 postridie

59 490 284 529 alienissimo
301 488 365 525 fibi
382 489 466 525 loco
483 511 496 533 ‚
524 498 655 524 contra
673 484 986 538 opportunissimo
1016 482 1182 521 hostibus
1198 506 1213 529 ,

61 545 153 582 adeo
168 539 322 594 angusto
337 544 432 578 mari
449 542 621 578 conflixit
641 563 654 585 ,
672 552 713 577 ut
730 541 808 590 ejus
825 538 1036 575 multitudo
1054 540 1211 574 navium

59 596 202 647 explica
211 599 239 632 ri
257 609 331 632 non
348 597 515 645 potuerit
532 621 540 629 .
573 592 707 630 vietus
723 606 812 644 ergo
828 591 879 630 est
909 593 1032 642 magis
1055 590 1214 628 consilio

62 648 329 688 Themistoclis
346 672 358 692 ‚
388 662 500 699 quam
521 650 636 684 armis
651 645 806 684 Graeciae
824 675 833 684 .

111 701 162 739 V.
193 700 272 739 Hic
290 701 465 739 barbarus
481 700 545 738 etsi
562 700 663 737 male
679 713 755 737 rem
772 697 929 751 geiscrat
946 722 958 743 ‚
983 708 1108 735 tamen
1127 708 1214 733 tan·

55 766 117 794 tas
133 754 294 792 habebat
314 755 496 804 reliquias
511 756 704 804 copiarum
722 776 736 799 ‚
764 761 806 790 ut·
822 755 939 790 etiam
969 765 1053 789 cum
1071 750 1129 788 his
1146 763 1215 800 op-

57 812 219 861 primere
234 807 352 858 poss'er
371 807 490 845 hostes
507 835 515 843 .
546 805 768 844 Interim-ab
784 807 915 843 eodem
946 805 1062 855 gradu
1077 804 1220 854 depul-

60 863 120 900 sus
135 860 186 899 est
203 887 212 896 .
243 859 344 898 Nam
378 859 653 898 Themistocles
670 885 683 906 ,
713 872 846 897 verens
875 872 922 896 ne
958 858 1099 895 bellare
1129 870 1218 908 per-

60 915 245 952 severaret
262 938 275 959 ‚
303 917 501 951 certiorem
518 910 601 950 eum
631 912 724 950 fecit
753 913 791 949 ld
809 914 874 963 agi
889 935 902 957 ,
930 923 971 948 ut
988 925 1084 962 pons
1100 923 1214 961 quem

59 968 130 1005 ille
145 970 183 1003 in
201 965 458 1015 Hellesponto
473 965 613 1003 fecerat
631 989 645 1012 ‚
661 964 926 1003 dissolveretur
942 988 954 1009 ‚
971 978 1015 1002 ac
1030 964 1154 1002 reditu
1170 966 1213 1000 in

59 1019 188 1058 Afiam
209 1019 472 1056 excluderetur
488 1045 496 1054 .
527 1019 640 1068 idque
653 1021 690 1056 ei
706 1017 883 1069 persuasit
905 1044 914 1053 .
945 1016 1081 1068 Itaque
1096 1039 1113 1063 5
1138 1029 1214 1067 qua

61 1073 119 1111 sex
138 1071 320 1111 mensibus
338 1074 408 1108 iter
424 1070 563 1108 fecerat
580 1094 593 1116 ‚
610 1071 741 1108 eadem
757 1074 884 1108 minus
900 1070 1033 1108 diebus
1050 1071 1214 1121 triginta

61 1129 101 1164 in
118 1125 245 1163 Asiam
261 1123 427 1162 reversus
456 1123 506 1162 est
524 1149 538 1170 ,
566 1123 676 1175 seque
699 1137 720 1161 a
741 1122 997 1161 Themistocle
1014 1137 1088 1161 non
1107 1122 1215 1173 supe-

62 1191 184 1217 ratum
202 1203 215 1225 5
231 1177 568 1216 sed-conservatum
584 1179 773 1228 judicavit
789 1205 798 1213 .
828 1179 888 1215 Sic
904 1180 1015 1214 unius
1032 1179 1108 1214 viri
1124 1190 1216 1227 pru-

61 1233 189 1270 dentia
204 1230 349 1270 Graecia
366 1231 526 1268 liberata
542 1229 593 1268 est
605 1255 619 1276 ‚
634 1230 869 1281 Europaeque
885 1230 1078 1268 succubuit
1095 1228 1184 1267 Asia
1201 1251 1218 1266 .

61 1284 155 1322 Hac
169 1285 287 1322 altera
305 1283 461 1322 vietoria
475 1297 552 1335 quae
567 1298 652 1321 cum
670 1283 922 1321 Marathonio
937 1283 1045 1334 poffit
1060 1295 1216 1333 compa·

59 1342 135 1376 rari
152 1350 290 1389 tropaeo
308 1365 318 1374 .
346 1351 435 1375 nam
453 1341 534 1388 pari
550 1339 665 1375 modo
680 1338 780 1388 apud
796 1337 990 1374 Salamina
1008 1350 1128 1387 parvo
1143 1350 1216 1373 nu-

61 1405 165 1429 rnero
179 1394 337 1429 navium·
347 1394 515 1429 maxima
531 1390 612 1443 post
628 1391 828 1430 hominum
844 1393 1068 1429 memoriam
1092 1388 1216 1429 claffis

61 1444 113 1483 est
127 1445 273 1482 deviaa
291 1471 300 1480 .

116 1496 185 1535 VI.
215 1498 383 1550 Magnus
397 1498 467 1537 hoc
495 1497 600 1537 bello
618 1498 895 1538 Themistocles
910 1497 986 1537 suit
1003 1521 1016 1546 ‚
1044 1511 1115 1537 nec
1141 1499 1218 1536 mi-

64 1565 134 1589 nor
148 1553 186 1588 in
201 1564 291 1602 pace
307 1578 315 1587 .
344 1551 443 1591 Cum
471 1555 573 1590 enim
604 1552 789 1591 Phalereo
820 1565 931 1604 portu
948 1577 961 1599 ‚
991 1566 1113 1604 neque
1133 1566 1218 1590 ma-

65 1619 142 1656 gno
156 1627 169 1650 ‚
196 1619 318 1656 neque
330 1605 429 1643 *bono
444 1628 457 1651 5
485 1605 742 1644 Athenienses
757 1619 954 1645 uterentur
970 1630 983 1652 ,
1001 1607 1111 1657 hujus
1126 1619 1219 1645 con*

64 1658 147 1695 filio
163 1658 302 1708 triplex
318 1657 446 1696 Piraei
459 1672 589 1710 portus
605 1659 833 1698 constitutus
849 1659 900 1698 est
920 1675 927 1697 :
959 1658 1064 1710 isque
1079 1662 1218 1698 moenia

63 1710 131 1748 bus
148 1711 401 1748 circumdatus
419 1736 433 1758 ,
458 1724 500 1750 ut
518 1712 635 1764 ipsam
651 1714 782 1751 urbem
800 1715 992 1765 dignitate
1007 1716 1217 1764 aequipara·

65 1776 121 1801 ret
135 1787 148 1809 ,
163 1764 333 1801 utilitate
349 1764 554 1816 superaret.
581 1765 762 1818 Idemque
778 1781 906 1804 muros
921 1766 1219 1805 Atheniensium

64 1816 226 1855 restituit
240 1821 425 1868 praecipuo
441 1819 607 1869 periculo
623 1819 688 1858 suo
704 1848 713 1857 .
730 1834 896 1871 namque
911 1819 1221 1868 Lacedaemonii,

63 1869 225 1908 caussam
241 1871 416 1909 idoneam
447 1872 547 1910 naEki
573 1886 726 1925 propter
758 1873 999 1911 barbarorum
1029 1873 1216 1912 excursio-

63 1937 130 1961 nes
143 1946 157 1968 ‚
178 1937 249 1974 qua
265 1938 446 1976 negarent
461 1937 633 1977 oportere
649 1939 755 1965 extra
774 1926 1078 1979 Peloponnesum
1092 1928 1221 1969 ullam

61 1976 191 2013 urbem
209 1977 356 2024 haberi,
377 1993 424 2017 ne
436 1979 552 2018 essent
572 1980 652 2018 loca
670 1984 820 2019 munita
838 2005 854 2028 ,
869 1994 946 2033 quae
963 1980 1085 2020 hostes
1101 1981 1213 2032 possi-q

61 2030 192 2067 derent
204 2053 218 2076 ‚
233 2029 488 2070 Athenienses
505 2033 732 2073 aedificantes
748 2034 946 2085 prohibere
962 2034 1047 2073 sunt
1062 2040 1192 2074 conati
1205 2062 1220 2074 .

58 2078 152 2124 Hoc
165 2083 279 2138 longe
294 2085 372 2126 alio
389 2085 581 2143 speQabat
595 2100 711 2141 atque
723 2089 846 2135 videri
860 2088 1046 2132 volebant
1061 2116 1071 2126 .
1089 2088 1218 2129 Athe-

207 2163 209 2166 ’
1054 2155 1166 2188 men-
