1714 2719
489 164 540 197 70
646 148 1017 188 CORNELII
1075 150 1389 192 NEPoTls

590 241 1447 348 PELOPIDAS

947 421 1084 461 XVI.

429 546 461 586 I.
494 546 839 639 PELOPIDAS
883 548 1088 587 Thebanus
1121 551 1242 601 magis
1281 549 1448 588 historiis
1479 565 1594 602 quam

592 603 709 654 vulgo
725 614 838 638 notus
857 617 864 638 :
902 604 1007 652 cujus
1023 603 1068 639 de
1086 603 1295 640 virtutibus
1313 604 1447 642 dubito
1464 619 1599 656 quem-

432 657 639 694 admodum
657 669 846 706 exponam
867 669 879 699 3
910 656 1011 706 quod
1027 670 1158 693 vereor
1174 680 1187 702 ,
1214 656 1237 693 s1
1255 670 1311 694 res
1328 659 1520 708 explicare
1535 663 1597 696 in-

432 713 573 761 cipiam
593 733 605 755 ,
623 723 698 745 non
717 710 840 745 vitam
858 710 937 758 ejus
954 722 1126 746 enarrare
1140 732 1153 753 ,
1172 708 1234 746 sed
1250 709 1444 747 historiam
1463 713 1596 750 videar

431 761 592 800 scribere
612 777 619 799 :
650 761 676 798 fi
691 761 961 797 tantummodo
978 760 1141 798 summas
1157 765 1322 812 attigero
1335 786 1348 808 ,
1377 778 1424 801 ne
1439 765 1596 803 rudibus

430 817 633 853 literarum
674 828 875 865 graecarum
892 816 1020 851 minus
1037 815 1162 852 lucide
1189 828 1370 865 appareat
1387 841 1400 862 ,
1429 830 1596 867 quantus

429 868 547 906 fuerit
565 868 636 905 ille
653 870 712 905 vir
729 895 737 903 .
768 866 906 918 Itaque
922 870 1072 919 utrique
1088 871 1142 905 rei
1158 883 1350 906 occurram
1367 894 1381 915 ,
1408 882 1595 921 quantum

430 934 565 973 potero
583 946 595 967 ,
626 922 661 957 ὅ(
677 920 856 957 medebor
871 935 954 958 cum
977 920 1148 958 satietati
1164 946 1176 967 ‚
1194 923 1283 958 ‘tum
1300 925 1523 974 ignorantiae
1540 925 1597 962 le-

430 976 576 1013 &orum
594 1002 602 1010 .
634 974 834 1011 Phoebidas
865 974 1175 1012 Lacedaemonius
1200 989 1283 1012 cum
1301 974 1514 1014 exercitum
1538 978 1596 1015 Ο-

429 1029 613 1078 lynthum
630 1027 782 1064 duceret
800 1051 813 1072 ,
844 1030 990 1078 iterque
1007 1040 1071 1077 per
1091 1027 1240 1065 Thebas
1267 1028 1407 1066 faceret
1424 1054 1437 1076 ,
1466 1044 1591 1068 arcem

429 1083 561 1132 oppidi
579 1105 592 1126 ,
610 1095 687 1131 quae
702 1080 864 1117 Cadmia
883 1084 1104 1117 nominatur
1122 1104 1134 1126 ‚
1163 1085 1365 1131 occupavit
1383 1106 1396 1128 ,
1426 1083 1594 1133 impulsu

430 1147 706 1185 perpaucorum
739 1132 1010 1170 Thebanorum
1042 1157 1055 1178 ,
1085 1135 1150 1184 qui
1179 1133 1398 1170 adversariae
1431 1134 1595 1173 fassioni

429 1203 506 1240 quo
522 1187 676 1224 facilius
695 1185 903 1224 resisterent
921 1210 934 1232 ,
951 1185 1150 1224 Laconum
1167 1186 1276 1224 rebus
1294 1187 1490 1225 studebant
1510 1201 1518 1224 :
1535 1189 1595 1226 id-

429 1256 503 1292 que
520 1239 584 1278 suo
599 1243 755 1291 privato
772 1264 784 1285 ,
814 1254 890 1276 non
908 1240 1062 1289 publico
1079 1265 1092 1286 ,
1109 1239 1201 1277 fecit
1217 1241 1375 1278 consilio
1392 1268 1400 1276 .
1431 1244 1520 1302 Qo
1535 1241 1596 1279 fa-

427 1295 489 1333 ξὶο
505 1308 590 1331 eum
608 1292 887 1330 Lacedaemonii
903 1293 951 1330 ab
967 1296 1134 1330 exercitu
1166 1308 1410 1334 removerunt
1438 1319 1451 1340 ,
1481 1309 1594 1346 pecu-

429 1351 571 1398 niaque
601 1347 816 1383 multarunt
835 1361 842 1383 :
873 1360 995 1397 neque
1012 1361 1056 1383 eo
1085 1350 1208 1398 magis
1237 1362 1361 1385 arcem
1394 1347 1591 1387 Thebanis

428 1401 678 1439 reddiderunt
690 1424 702 1446 ‚
720 1400 821 1451 quod
838 1398 1019 1451 susceptis
1036 1401 1254 1439 inimicitiis
1271 1401 1386 1438 satius
1403 1402 1605 1440 ducebant-

430 1469 495 1493 eos
512 1454 670 1492 obsideri
688 1467 802 1504 quam
834 1452 990 1490 liberari
1008 1480 1016 1488 .
1047 1452 1151 1490 Nam
1169 1454 1250 1504 post
1274 1454 1590 1506 Peloponnesium

430 1508 577 1546 bellum
597 1531 610 1553 ι,
628 1505 878 1557 Athenasque
894 1506 1063 1544 deviehls
1081 1530 1093 1552 ‚
1113 1522 1199 1544 cum
1219 1508 1412 1546 Thebanis
1428 1509 1495 1546 fibi
1512 1523 1590 1547 rem

430 1563 503 1600 esse
520 1560 792 1598 existimabant
811 1575 817 1596 :
837 1561 872 1596 ὃ(
888 1574 950 1598 eos
968 1558 1039 1597 effe
1056 1559 1154 1598 solos
1172 1565 1237 1612 qui
1253 1562 1431 1600 adversus
1447 1562 1590 1601 resiste-

426 1629 468 1652 re
482 1615 665 1652 auderent
683 1641 692 1650 .
724 1611 812 1650 Hac
828 1625 956 1650 mente
985 1616 1120 1651 amicis
1141 1613 1214 1652 suis
1244 1614 1408 1654 summas
1424 1616 1589 1668 potesta-

426 1680 485 1706 tes
501 1669 682 1705 dederant
699 1691 711 1712 ,
728 1667 887 1705 alterius
905 1665 1083 1704 faelionis
1100 1670 1293 1720 principes
1309 1673 1449 1720 partim
1471 1674 1589 1709 inter-

426 1721 597 1760 fecerant
615 1745 627 1766 ,
656 1722 754 1757 alios
772 1724 810 1757 in
832 1719 1004 1757 exsilium
1022 1721 1210 1770 ejecerant
1227 1750 1236 1758 .
1267 1726 1306 1760 in
1324 1723 1460 1774 quibus
1476 1723 1591 1763 Pelo-

428 1776 538 1826 pidas
554 1775 614 1812 hic
630 1775 676 1812 de
693 1788 767 1825 quo
797 1773 956 1811 scribere
973 1774 1089 1811 exorsi
1117 1775 1243 1818 sumus
1259 1800 1273 1821 ,
1302 1776 1432 1827 pulsus
1461 1781 1586 1828 patria

425 1828 578 1868 carebat
596 1856 604 1863 .

480 1880 532 1918 II.
564 1879 622 1917 Hi
638 1895 769 1918 omnes
788 1879 865 1918 sere
893 1879 1070 1918 Athenas
1101 1880 1137 1919 se
1152 1884 1394 1922 contulerant
1410 1909 1423 1930 ‚
1452 1899 1528 1923 non
1545 1897 1589 1928 ut.

430 1936 678 1986 sequerentur
706 1936 826 1971 otium
844 1958 858 1980 5
888 1933 948 1971 sed
980 1947 1020 1971 ut
1051 1948 1237 1986 quemque
1252 1951 1296 1974 ex
1327 1941 1503 1988 proximo
1528 1939 1584 1976 lo-

427 2003 513 2027 cum
531 1987 609 2025 fors
626 1987 821 2025 obtulisset
838 2011 851 2033 ,
868 2001 911 2025 eo
928 1990 1092 2037 patriam
1111 2003 1329 2040 recuperare
1344 1995 1556 2030 niterentur
1571 2020 1580 2028 .

426 2042 562 2094 Itaque
579 2055 664 2080 cum
683 2052 830 2093 tempus
846 2040 897 2079 est
915 2040 1037 2080 visum
1068 2045 1121 2081 rei
1145 2045 1314 2097 gerendae
1330 2068 1343 2092 ³
1372 2049 1584 2084 communi-

1477 2111 1534 2137 ter
