1714 2719
265 150 871 194 THEMISTOCLES.
955 150 1008 191 11.
1120 161 1168 199 ες

6 224 9 250 ¹
55 237 247 274 nomi-nuni
264 237 344 286 jure
359 237 532 286 gentium
549 232 672 271 facere
688 230 834 283 possent
853 254 866 276 ς
892 229 1000 270 Deos
1017 230 1222 282 publicos.

8 300 11 338 j
58 287 215 340 suosque
231 292 375 339 patrios
393 302 436 325 ac
453 300 609 338 penates
627 311 640 332 ,
668 300 745 338 quo
762 284 916 324 facilius
933 286 980 323 ab
1005 283 1107 324 hoste
1136 284 1224 335 pos-

8 345 11 386 ᾗ
58 341 141 381 sent
159 342 360 381 defendere
378 365 390 387 ,
418 344 536 378 muris
553 339 703 392 saepfiise
722 355 730 376 τ
756 353 878 391 neque
894 353 939 376 eo
955 362 969 384 ,
986 340 1087 390 quod
1105 340 1227 376 inuri·

9 394 11 398 ⁴
58 396 96 434 le
113 396 201 435 effer
230 395 385 433 Graeciae
402 418 416 440 ‚
446 393 573 432 feciss‘e
592 410 599 432 ε
629 407 718 431 nam
740 393 897 431 illorum
929 392 1057 431 urbem
1079 405 1118 430 ut
1136 405 1229 442 pro·

3 451 13 495 ζ
56 450 313 502 pugnaculum
330 447 539 500 oppositam
555 447 628 486 esse
662 446 830 485 barbaris
848 470 861 492 ,
891 447 990 495 apud
1014 460 1127 498 quam
1144 447 1225 496 jam

58 504 116 541 bis
131 503 283 541 classem
300 506 442 554 regiam
459 500 587 540 feciil‘e
613 499 853 551 naufragium
871 528 880 536 .
913 499 1226 538 Lacedaemonios

3 554 11 577 ε’
58 569 188 594 autem
204 557 308 594 male
323 557 357 593 ὅ(
376 555 510 606 injuste
526 555 650 594 facere
667 579 679 600 ‚
702 556 766 606 qui
785 554 820 591 id
838 557 966 605 potius
984 556 1225 592 intueientur

55 611 157 660 quod
174 609 342 660 ipsorum
360 610 648 655 dominationi,
665 622 779 660 quam
796 609 897 660 quod
915 608 1097 646 universae
1113 605 1226 644 Grae-

54 666 120 702 ciae
134 665 234 701 utile
246 663 337 701 effer
353 691 363 700 .
393 665 523 754 (ἧι-ατε
540 663 563 701 si
582 661 665 700 suos
683 663 829 714 legatos
847 664 1013 712 recipere
1042 661 1190 700 vellent
1209 681 1226 706 9

2 763 4 767 .
56 731 152 768 quos
180 716 356 755 Athenas
385 723 438 755 mi
460 728 596 762 erant,
626 716 662 754 se
691 719 956 754 remitterent:
985 715 1102 754 aliter
1131 713 1225 754 illos

12 795 13 798 =
57 784 266 821 numquam
284 773 320 807 in
338 774 503 821 patriam
520 772 733 821 recepturi.

111 822 222 862 V111.
254 821 335 862 Hic
350 836 478 862 tamen
509 838 584 861 non
615 825 748 875 effugit
765 824 908 861 civium
938 821 1088 862 suorum
1119 822 1228 861 invi·

61 877 166 915 diam
184 904 193 913 .
225 891 390 928 namque
408 878 457 915 ob
473 878 645 914 eumdem
678 880 857 915 timorem
874 891 949 927 quo
965 878 1169 914 damnatus
1185 890 1228 914 e-

57 942 118 968 rat
134 930 340 967 Miltiades
357 954 370 975 ,
400 929 577 968 testarum
609 929 795 979 suffragiis
811 943 831 966 e
860 933 1022 967 civitate
1052 928 1193 981 ejefius
1209 949 1230 975 9

2 987 15 1027 j}
57 983 186 1033 Argos
217 982 431 1020 habitatum
462 983 637 1020 conceffit
655 1010 663 1019 .
694 980 775 1020 Hic
790 996 876 1020 cum
893 995 1049 1034 propter
1076 982 1227 1020 multas

1 1030 5 1037 ⁸
56 1038 137 1087 ejus
155 1038 316 1072 virtutes
345 1050 484 1088 magna
514 1049 599 1073 cum
629 1037 821 1088 dignitate
837 1038 1017 1082 viveret,
1047 1033 1229 1074 Lacedae-

14 1122 15 1126 ,
56 1091 179 1126 monii
210 1090 357 1139 legatos
383 1088 556 1127 Athenas
585 1089 800 1135 miserunt,
828 1091 998 1140 quicum
1027 1089 1229 1128 absentem

3 1182 17 1198 ,Ι
55 1140 275 1180 accusarent
297 1165 311 1187 ,
340 1143 441 1194 quod
472 1142 693 1181 societatem
718 1157 804 1181 cum
835 1157 921 1195 rege
949 1142 1145 1182 Persarum
1175 1144 1227 1182 ad

56 1194 250 1233 Graeciam
279 1197 570 1247 opprimendam
600 1196 773 1234 fecisset.
805 1196 876 1234 hoc
900 1200 1061 1234 crimine
1090 1197 1228 1236 absens

57 1250 291 1299 proditionis
320 1248 372 1286 est
401 1250 604 1287 damnatus
625 1277 633 1285 .
664 1248 707 1287 Id
734 1262 775 1288 ut
805 1251 986 1297 audivit,
1015 1252 1116 1302 quod
1147 1265 1229 1290 non

57 1302 150 1340 satis
179 1313 307 1339 tutum
340 1302 377 1340 se
392 1302 510 1354 Argis
526 1303 681 1341 videbat
699 1326 712 1350 ,
739 1302 950 1353 Corcyram
967 1304 1224 1356 demigravit.

57 1354 119 1393 Ibi
134 1369 219 1393 cum
250 1357 329 1406 ejus
345 1359 535 1407 principes
551 1359 725 1394 civitatis
753 1357 1086 1396 animadvertisset
1111 1362 1227 1397 time-

17 1451 18 1458 *
55 1423 126 1455 se,
156 1423 205 1446 ne
235 1423 391 1460 propter
421 1409 457 1448 se
488 1410 633 1448 bellum
662 1411 721 1449 his
738 1408 1020 1449 Lacedaemonii
1046 1412 1227 1452 &Athe-

17 1503 19 1506 γ
58 1463 210 1500 nienses
228 1464 440 1501 indicerent
457 1487 470 1510 ‚
495 1465 542 1501 ad
560 1463 772 1502 Admetum
788 1464 1047 1503 Molossorum
1064 1480 1192 1518 regem
1210 1489 1228 1514 ‚

18 1561 19 1566 Ἰ
57 1530 146 1557 cum
163 1530 238 1568 quo
254 1519 289 1554 ei
305 1516 513 1568 hospitium
533 1517 656 1556 fuerat
673 1542 686 1564 ‚
714 1518 891 1570 confugit
907 1547 915 1555 .
948 1517 1040 1558 Huc
1055 1534 1140 1557 cum
1158 1534 1228 1558 ve·

17 1577 19 1583 '
58 1569 202 1616 nisset,
231 1571 267 1606 &
292 1573 332 1607 in
362 1571 555 1622 praesentia
585 1585 649 1610 rex
679 1571 820 1610 abesset
838 1596 851 1618 ‚
881 1586 956 1624 quo
972 1575 1117 1625 majore
1133 1573 1228 1612 reli-

60 1626 177 1676 gione
206 1622 241 1660 se
256 1637 449 1675 receptum
464 1637 634 1663 tueretur
650 1649 664 1672 ,
694 1625 816 1663 filiam
832 1627 912 1677 ejus
929 1627 1131 1678 parvulam
1161 1642 1227 1666 ar·

20 1682 21 1718 J
58 1680 180 1728 ripuit
197 1700 210 1724 ,
247 1677 283 1714 &
299 1691 383 1715 cum
401 1692 441 1716 ea
459 1679 495 1717 se
511 1682 551 1716 in
580 1678 782 1718 sacrarium
801 1703 815 1726 ,
843 1683 945 1731 quod
961 1679 1105 1719 summa
1123 1682 1229 1721 cole-

20 1733 21 1757 ἶ
61 1730 173 1768 batur
201 1733 415 1769 caerimonia
443 1756 457 1778 ,
485 1736 673 1785 conjecit.
705 1734 794 1771 inde
821 1748 899 1771 non
928 1737 1032 1785 prius
1059 1735 1227 1788 egressus

20 1806 22 1813 ι
56 1783 139 1830 est,
169 1798 282 1836 quam
313 1799 376 1822 rex
408 1800 492 1823 eum
523 1788 610 1824 data
641 1788 773 1825 dextra
792 1789 832 1824 in
863 1788 978 1826 fidem
1008 1794 1221 1840 reciperet.

20 1836 23 1893 ⁴,
62 1851 178 1889 quam
209 1838 380 1890 praestitit
398 1867 406 1876 .
437 1839 541 1878 Nam
571 1855 654 1879 cum
671 1840 718 1879 ab
734 1839 1033 1882 Atheniensibus
1048 1845 1084 1882 ὅ(
1102 1841 1225 1882 Lace·

22 1917 23 1942 3
58 1892 258 1930 daemoniis
287 1893 551 1944 exposceretur
579 1896 760 1946 publice,
788 1896 996 1947 supplicem
1027 1912 1103 1935 non
1133 1911 1224 1948 pro-

63 1945 196 1991 didit,
224 1951 479 1999 monuitque,
508 1961 549 1986 ut
582 1949 791 1987 consuleret
821 1949 914 1986 fibi.
944 1951 1100 1988 difficile
1115 1954 1226 1991 enim

59 1997 134 2036 effe
149 2022 164 2045 ,
192 2003 231 2037 in
251 2013 329 2038 tam
345 2004 563 2053 propinquo
578 2002 664 2041 loco
677 2014 764 2041 tuto
779 2017 865 2042 eum
890 2003 1053 2042 versari.
1081 2003 1224 2056 Itaque

60 2050 263 2104 Phydnam
292 2068 378 2097 eum
393 2056 528 2101 deduci
554 2057 686 2113 jum„
713 2058 749 2100 ὰ
777 2057 881 2115 quod
908 2057 1000 2103 satis
1019 2057 1225 2156 essesth‘ae·

24 2128 25 2131 ¹
1095 2127 1106 2152 ι
1135 2126 1166 2152 u
