1714 2719
492 163 540 207 56
649 158 1020 199 CORNELII
1075 157 1389 200 NEPOTIS

435 245 546 294 eique
563 244 614 279 rei
633 241 798 292 praefecit
829 240 1025 279 Datamen
1044 244 1298 292 propinquum
1315 241 1596 294 Paphlagonis.

434 310 599 345 namque
617 309 661 332 ex
680 294 798 332 fratre
815 296 850 331 &
867 294 990 339 sorore
1005 306 1115 332 erant
1131 298 1214 332 nati
1231 322 1240 330 .
1271 297 1399 356 Qam
1429 295 1477 332 ob
1492 297 1597 334 caus-

417 349 512 386 sam
530 348 718 386 Datames
749 352 877 386 omnia
895 350 1059 398 primum
1093 350 1257 397 experiri
1280 347 1404 386 voluit
1422 371 1434 394 ‚
1463 359 1505 386 ut
1520 348 1598 387 fine

432 405 550 439 armis
580 405 838 452 propinquum
870 402 918 438 ad
949 402 1114 439 officium
1143 401 1336 439 reduceret
1353 427 1361 436 .
1393 400 1458 438 Ad
1483 415 1596 452 quem

431 470 516 493 cum
536 455 697 492 venisset
715 455 788 492 sine
805 454 971 505 praesidio
988 478 1001 500 ,
1025 454 1125 505 quod
1141 454 1188 491 ab
1204 458 1328 492 amico
1345 454 1472 492 nullas
1490 469 1597 492 vere-

428 521 535 547 -retur
552 508 704 546 infidias
722 533 735 554 5
764 521 868 558 paene
898 510 1047 545 interiit
1066 535 1075 543 .
1107 521 1194 544 nam
1215 507 1349 556 Thyus
1378 512 1464 544 eum
1494 508 1595 545 clam

431 561 646 599 interficere
678 563 803 599 voluit
821 589 828 597 .
860 560 955 598 Erat
984 572 1107 597 mater
1131 575 1216 598 cum
1247 559 1417 598 Datame
1433 585 1446 607 ‚
1476 564 1595 599 amita

432 615 694 666 Paphlagonis
712 642 719 649 .
739 628 780 651 ea
798 615 890 665 qnid
906 626 1078 665 ageretur
1095 638 1107 660 ‚
1125 614 1249 651 resciit
1269 629 1276 650 :
1295 614 1496 666 filiumque
1511 629 1596 652 mo-

432 673 518 706 nuit
536 696 543 703 .
574 667 650 704 Ille
665 666 753 718 fuga
771 667 982 716 periculum
1000 670 1167 703 evitavit
1185 691 1197 712 ‚
1215 667 1434 718 bellumque
1451 668 1596 705 indixit

435 720 549 771 Thyo
566 749 574 756 .
605 719 649 757 In
667 735 742 771 quo
759 735 842 756 cum
860 720 907 756 ab
924 719 1187 757 Ariobarzane
1204 744 1217 765 ,
1245 719 1419 769 praesessv
1435 720 1568 769 Lydiae
1580 744 1596 767 ‚

431 777 467 812 3<
482 774 597 811 Ioniae
615 797 630 819 2
658 773 850 824 totiusque
866 772 1036 824 Phrygiae
1051 798 1063 818 ,
1081 772 1247 809 desertus
1263 772 1352 810 esset
1369 798 1382 819 ,
1399 774 1525 811 nihilo
1540 773 1598 812 se-

429 830 541 879 gnius
558 825 817 878 perseveravit
834 851 847 873 ,
878 828 1086 878 vivumque
1105 824 1258 875 Thyum
1275 830 1377 878 cepit
1393 841 1479 866 cum
1500 832 1598 865 uxo-4

426 896 471 919 se
487 882 523 917 8(
547 881 680 917 liberis
696 908 705 916 .
949 924 955 928 s
1194 923 1199 926 ᾖ

485 933 556 970 III.
587 934 707 984 Cujus
724 933 816 972 faeti
833 949 880 971 ne
896 930 999 985 prius
1016 932 1116 971 fama
1133 934 1180 971 ad
1195 948 1320 985 regem
1338 957 1351 980 ,
1369 949 1480 986 quam
1499 933 1596 986 ipse,

429 991 652 1041 ¹‚perveniret
669 1011 682 1032 ,
712 988 816 1025 dedit
834 1001 985 1037 operam
1004 1016 1012 1023 .
1045 986 1178 1038 Itaque
1195 987 1371 1026 omnibus
1387 987 1518 1026 insciis
1548 1003 1594 1025 eo

431 1041 500 1078 ubi
517 1053 596 1078 erat
614 1054 677 1077 rex
696 1065 708 1085 ,
730 1043 837 1078 venit
856 1056 862 1077 :
881 1040 1102 1092 posteroque
1119 1042 1179 1077 die
1198 1039 1351 1089 Thyum
1368 1065 1382 1087 ³
1398 1041 1595 1078 hominem

430 1097 595 1132 maximi
626 1097 793 1144 corporis
810 1117 823 1139 ,
852 1093 1092 1144 terribilique
1109 1093 1236 1138 facie,
1266 1094 1366 1144 quod
1392 1095 1429 1130 ὃ(
1457 1097 1595 1145 niger,

431 1149 471 1184 ὃ(
487 1146 631 1197 capillo
648 1146 764 1198 longo
781 1171 794 1192 ‚
822 1145 1014 1196 barbaque
1031 1159 1109 1183 erat
1126 1146 1277 1197 prolixa
1295 1170 1308 1192 ‚
1331 1149 1476 1197 optima
1495 1145 1596 1184 veste

432 1202 609 1238 contexit
622 1223 634 1245 ,
665 1213 778 1250 quam
795 1198 949 1250 satrapae
965 1203 1058 1250 regii
1075 1214 1204 1251 gerere
1219 1198 1491 1237 consueverant
1509 1227 1518 1236 .
1535 1214 1597 1237 or-

432 1257 545 1292 navit
563 1255 680 1290 etiam
697 1266 831 1303 torque
848 1277 861 1298 ‚
889 1265 1005 1304 atque
1021 1253 1187 1289 armillis
1210 1256 1334 1290 aureis
1351 1277 1364 1299 ,
1394 1265 1595 1304 ceteroque

430 1310 539 1359 regio
555 1306 661 1343 cultu
676 1334 683 1341 .
715 1305 799 1357 Ipse
814 1306 947 1357 agresti
965 1307 1186 1357 duplicique
1202 1306 1369 1344 amiculo
1385 1308 1596 1345 circumda-

434 1372 496 1398 tus
514 1384 527 1407 5
557 1360 733 1411 hirtaque
748 1363 876 1397 tunica
891 1384 903 1405 ,
920 1374 1053 1411 gerens
1072 1362 1109 1396 in
1127 1362 1252 1409 capite
1268 1359 1418 1410 galeam
1435 1374 1598 1398 venato-

433 1417 532 1451 riam
549 1438 562 1460 ,
580 1414 712 1450 dextra
729 1427 844 1450 manu
859 1414 1010 1451 clavam
1028 1438 1040 1459 ,
1053 1412 1192 1450 sinistra
1210 1413 1404 1462 copulam,
1421 1413 1606 1452 vinciuin-

437 1479 530 1505 ante
547 1466 583 1504 se
601 1465 756 1516 Thyum
771 1466 933 1518 agebat,
951 1479 991 1503 ut
1008 1466 1032 1503 fi
1050 1465 1169 1504 feram
1187 1465 1344 1503 bestiam
1360 1479 1510 1517 captam
1526 1470 1596 1505 du·-

434 1533 536 1558 ceret
554 1548 562 1556 .
594 1522 719 1570 Quem
736 1535 818 1558 cum
837 1534 966 1557 omnes
984 1519 1240 1570 prospicerent
1259 1532 1410 1570 propter
1440 1525 1596 1559 novita-

437 1586 515 1612 tem
547 1586 701 1611 ornatus
719 1598 732 1620 ,
763 1577 1010 1625 ignotamque
1039 1572 1203 1610 formam
1222 1598 1235 1618 ,
1265 1573 1312 1610 ob
1343 1587 1500 1625 eamque
1515 1589 1594 1613 rem

435 1642 597 1679 magnus
614 1627 703 1665 esset
720 1627 919 1665 concursus
939 1641 950 1672 3
981 1626 1054 1664 suit
1072 1641 1184 1664 nemo
1201 1641 1275 1664 non
1294 1629 1358 1678 qui
1375 1627 1593 1678 agnosceret

434 1680 591 1730 Thyum
611 1705 622 1726 ‚
641 1684 794 1732 regique
809 1684 1000 1717 nuntiaret
1019 1708 1027 1716 .
1046 1680 1174 1717 Primo
1192 1695 1266 1718 non
1283 1682 1505 1719 accredidit.
1518 1685 1594 1719 ita·-

432 1748 508 1785 que
525 1734 811 1773 Pharnabazum
827 1734 928 1771 misit
945 1734 1185 1783 exploratum
1203 1762 1211 1769 .
1231 1733 1266 1770 A
1286 1747 1359 1784 quo
1376 1747 1417 1771 ut
1434 1749 1514 1772 rem
1528 1749 1593 1786 ge-

436 1788 530 1824 stam
547 1791 730 1839 comperit
749 1812 761 1833 ,
792 1787 918 1824 statim
944 1788 1101 1825 admitti
1128 1787 1227 1838 juffit
1245 1812 1257 1833 ,
1286 1801 1513 1838 magnopere
1528 1789 1595 1826 de-

434 1841 598 1878 lefihtus
615 1856 697 1878 cum
716 1841 816 1879 saffiro
833 1866 845 1887 ,
875 1854 956 1878 tum
973 1853 1109 1878 ornatu
1128 1856 1135 1878 :
1168 1844 1206 1877 in
1240 1843 1374 1891 primis
1406 1843 1505 1892 quod
1522 1857 1594 1879 no-

434 1895 526 1932 bilis
544 1908 607 1931 rex
626 1898 664 1931 in
681 1895 905 1945 potestatem
921 1897 1140 1945 inopinanti
1158 1906 1312 1932 venerat
1330 1923 1338 1930 .
1355 1892 1491 1946 Itaque
1510 1909 1593 1932 ma-

436 1947 575 1999 gnifice
592 1947 786 1985 Datamen
803 1950 984 1986 donatum
1002 1948 1049 1984 ad
1067 1952 1274 1985 exercitum
1292 1947 1409 1993 misit,
1426 1952 1490 1999 qui
1507 1962 1590 1988 tum

437 2001 731 2039 contrahebatur
747 2003 840 2040 duce
869 2001 1114 2039 Pharnabazo
1131 2003 1166 2037 δί
1199 2000 1415 2038 Tithrauste
1431 2003 1477 2039 ad
1509 2002 1591 2039 bel—

434 2053 516 2092 lum
535 2053 772 2107 AEgyptium
789 2080 803 2104 2
832 2059 989 2108 parique
1006 2070 1090 2094 eum
1106 2068 1221 2109 atquc
1237 2055 1327 2094 illos
1345 2058 1504 2107 imperio
1533 2053 1591 2092 es-

1501 2105 1545 2158 se
