1714 2719
287 182 788 224 cHABR1As.
890 182 1009 220 XII.
1143 194 1188 228 51

79 284 151 323 qua
168 283 214 308 ex
248 282 286 306 re
301 263 558 305 Athenienses
588 277 766 315 magnam
784 264 946 316 gloriam
967 263 1050 301 sunt
1080 268 1209 316 adepti
1230 292 1238 300 .

78 324 240 362 Interim
265 321 408 359 bellum
440 322 540 356 inter
559 316 776 369 AEgyptios
806 319 840 354 ὃ(
874 316 1002 354 Persas
1032 319 1241 356 conflatum

78 378 130 417 est
149 393 156 415 :
187 378 222 414 ὃ(
251 371 505 413 Athenienses
523 385 608 408 cum
627 371 844 408 Artaxerxe
873 369 1095 408 societatem
1128 372 1245 410 habe-

79 433 172 470 bant
190 454 203 477 ,
221 428 497 467 Lacedaemonii
514 439 598 462 cum
621 423 852 476 AEgyptiis:
887 438 907 460 a
928 425 1063 475 quibus
1083 439 1242 476 magnas

79 485 219 537 praedas
231 480 430 532 Agesilaus
448 493 515 516 rex
534 491 662 515 eorum
682 479 845 516 faciebat
864 503 873 513 .
904 476 946 514 ld
969 482 1120 516 intuens
1136 479 1242 517 Cha-

80 539 179 577 brias
198 560 211 582 ,
228 549 312 590 cum
331 537 368 571 in
387 548 424 572 re
440 533 546 571 nulla
566 531 746 583 Agesilao
762 532 927 575 cederet,
947 530 1006 568 sua
1027 531 1161 582 sponte
1177 546 1241 570 eos

77 592 250 642 adjutum
268 587 457 638 proseRus
474 610 487 633 ,
519 585 723 637 AEgyptia:
740 585 841 624 claffi
857 583 1007 635 praesuit
1026 600 1032 621 ι
1062 585 1243 636 pedestri-

79 645 146 682 bus
163 645 284 693 copiis
300 640 500 693 Agesilaus
520 667 529 676 .

129 695 198 733 ΙΙΙ.
233 695 332 733 Tum
352 694 515 746 praese&i
534 696 630 745 regis
662 692 788 730 Pcrfiae
820 692 967 743 legatos
985 692 1166 731 miserunt
1186 693 1244 731 A-

77 751 214 790 thenas
238 748 409 800 questum
427 772 440 794 ,
469 749 569 795 quod
586 746 774 784 Chabrias
791 744 989 783 adversum
1020 761 1145 798 regem
1163 747 1244 784 bel—-

79 807 160 842 luni
181 815 323 855 gereret
341 816 425 840 cum
446 800 656 852 AEgyptiis
674 827 683 836 .
709 798 965 838 Athenienses
981 800 1082 838 diem
1100 813 1245 839 certam

79 857 258 896 Chabriae
273 855 547 906 prxstiruerunt
566 879 578 896 ι,
609 868 720 905 quarn
741 866 830 891 ante
847 854 1002 890 domum
1029 854 1095 892 nisi
1128 854 1245 892 redis-

79 911 135 949 set
154 934 166 955 ,
196 913 333 960 capitis
353 909 387 945 se
406 909 522 945 illum
541 909 787 944 damnaturos
819 908 1095 945 denuntiarunt
1113 935 1121 942 .
1152 906 1243 945 Hoc

80 965 150 1001 ille
166 965 302 999 nuntio
319 961 494 998 Athenas
519 961 631 997 rediit
651 984 663 1003 ‚
693 974 814 1010 neque
844 960 896 996 ibi
914 961 1059 998 diutius
1077 960 1128 998 est
1160 975 1244 998 mo-

79 1029 182 1054 ratus
199 1028 312 1066 quam
330 1013 404 1050 fuit
424 1013 566 1050 necesse
583 1043 592 1052 .
622 1012 712 1050 Non
732 1017 834 1049 enim
866 1013 1031 1050 libenter
1056 1025 1136 1051 erat
1151 1027 1244 1052 ante

81 1069 212 1108 oculos
230 1070 371 1106 civium
392 1066 539 1104 suorum
559 1091 571 1111 ‚
602 1067 701 1117 quod
732 1067 767 1102 ὃ(
785 1066 941 1103 vivebat
968 1066 1072 1104 laute
1089 1092 1102 1113 ,
1132 1068 1167 1104 ὃ(
1186 1070 1246 1104 in-

81 1122 262 1174 dulgebat
286 1120 350 1158 sibi
370 1120 568 1157 liberalius
585 1134 699 1170 quam
716 1132 757 1156 ut
777 1120 964 1156 invidiam
983 1121 1090 1172 vulgi
1120 1121 1242 1171 posset

83 1177 245 1227 effugere
262 1201 270 1209 .
301 1172 366 1210 Est
384 1177 485 1211 enim
508 1175 578 1211 hoc
594 1187 798 1211 commune
816 1176 953 1210 vitium
973 1175 1009 1209 in
1026 1178 1176 1226 magnis
1194 1175 1245 1210 li-

84 1228 254 1280 berisque
269 1227 494 1264 civitatibus
513 1252 525 1272 ‚
542 1240 583 1264 ut
602 1228 748 1264 invidia
767 1226 894 1278 gloriae
911 1240 1035 1264 comes
1054 1227 1096 1265 sit
1115 1255 1123 1262 .
1143 1229 1178 1264 ὃ(
1195 1228 1245 1264 li-

84 1282 215 1320 benter
230 1281 275 1318 de
293 1281 352 1318 his
368 1281 573 1318 detrahunt
591 1295 684 1332 quos
714 1294 904 1331 emergere
922 1279 1080 1318 videant
1097 1281 1242 1319 altiusz

78 1349 202 1386 neque
217 1337 346 1372 animo
368 1348 473 1386 aequo
489 1348 672 1385 pauperes
697 1333 865 1370 alienam
897 1335 1122 1386 opulentum
1141 1337 1245 1372 intu-

78 1402 195 1427 untur
209 1387 404 1426 fortunam
423 1415 431 1424 .
462 1387 600 1440 Itaque
627 1387 815 1425 Chabrias
833 1412 846 1433 ,
875 1389 998 1439 quoad
1018 1391 1051 1426 ei
1070 1389 1211 1427 licebat
1229 1410 1246 1435 9

80 1443 289 1495 plurimum
306 1441 437 1480 aberat
458 1469 467 1477 .
499 1441 637 1494 Neque
663 1456 753 1479 vero
770 1440 870 1478 solus
887 1442 957 1479 ille
972 1442 1100 1480 aberat
1119 1441 1248 1480 Athe-

78 1500 140 1534 nis
155 1496 321 1533 libenter
337 1519 350 1541 ,
380 1495 440 1533 sed
459 1510 590 1534 omnes
607 1495 685 1533 fere
700 1498 892 1546 principes
922 1494 1095 1534 fecerunt
1113 1497 1213 1533 idem
1236 1510 1245 1532 :

80 1551 181 1602 quod
199 1562 349 1587 tantum
368 1548 404 1587 se
419 1549 466 1588 ab
485 1551 630 1587 invidia
648 1549 836 1600 putabant
862 1548 1062 1588 abfuturos
1079 1574 1092 1596 ,
1122 1563 1246 1600 quan-

81 1615 163 1641 tum
191 1617 212 1640 a
243 1603 444 1654 conspeetu
475 1602 624 1641 suorum
654 1602 877 1641 receffissent
899 1631 907 1638 .
938 1602 1074 1655 Itaque
1102 1603 1244 1640 Conon

80 1657 289 1709 plurimun]
306 1657 431 1708 Cypri
449 1660 549 1695 vixit
567 1682 580 1703 ‚
609 1656 820 1708 Iphicrates
839 1660 875 1693 in
896 1656 1059 1695 Thracia
1075 1681 1088 1702 ‚
1107 1655 1246 1694 Timo-

82 1711 192 1749 theus
210 1710 342 1757 Lesbi,
359 1711 504 1749 Chares
522 1715 561 1748 in
578 1713 696 1762 Sigaeo
714 1738 721 1746 .
743 1709 951 1748 Dissimilis
968 1712 1122 1763 quidem
1137 1709 1246 1747 Cha-

83 1778 140 1802 tes
157 1764 291 1802 horum
308 1767 343 1802 &
361 1764 471 1803 saetis
487 1766 524 1802 &
552 1765 721 1804 moribus
738 1788 751 1811 ,
780 1763 843 1802 sed
871 1776 1003 1803 tamen
1022 1764 1191 1802 Athenis
1207 1765 1244 1801 &

83 1818 290 1857 honoratus
308 1820 343 1856 ὃ(
361 1832 497 1869 potens
515 1846 523 1854 .

134 1870 206 1909 IV.
233 1873 421 1911 Chabrias
436 1886 562 1911 autem
580 1875 695 1924 periit
724 1871 828 1910 bello
847 1870 980 1911 sociali
1011 1872 1084 1910 tali
1100 1871 1215 1908 modo
1231 1897 1242 1907 .

82 1925 369 1978 Oppugnabant
387 1926 643 1965 Athenienses
658 1926 800 1964 Chium
813 1953 822 1961 .
853 1938 932 1964 erat
951 1929 988 1963 in
1006 1924 1120 1964 classe
1137 1924 1245 1962 Cha-

83 1979 185 2017 brias
201 1983 373 2030 privatus
394 1995 404 2025 3
424 1979 484 2018 sed
503 1995 634 2018 omnes
650 1983 771 2032 quiin
788 1978 1011 2031 magistratu
1027 1990 1161 2023 erant,
1178 1991 1246 2016 au-

83 2032 262 2072 &oritate
276 2035 450 2072 anteibat
469 2059 481 2079 ,
511 2049 673 2085 eumque
702 2037 824 2086 magis
856 2035 1004 2071 milites
1034 2046 1148 2084 quam
1178 2032 1245 2082 qui

86 2098 267 2136 praetant
280 2112 293 2136 ‚
309 2087 545 2140 aspiciebant
563 2117 572 2125 .
588 2091 683 2150 Qae
699 2101 757 2126 res
774 2090 809 2125 ei
825 2090 1037 2125 maturavit
1053 2097 1216 2124 mortem
1234 2110 1244 2121 .

752 2139 873 2178 Dz
1090 2137 1197 2178 Nam
