1714 2719
421 134 1027 176 FRAGMENTA.
1189 149 1253 183 ¹3¹

631 221 651 241 -k
712 221 732 241 *k
794 220 814 240 -k

199 277 278 336 Qii
295 275 408 313 habet
426 298 438 319 ,
469 274 569 311 ultro
585 276 782 324 appetitur
801 287 811 316 3
831 276 895 324 qui
913 273 962 310 est
980 287 1123 324 pauper
1138 298 1150 320 ‚
1181 273 1308 325 :isper-

143 342 258 366 natur
275 357 283 365 .
318 328 450 365 Ibidem
466 355 473 364 .

198 384 303 442 Qid
321 383 336 419 ?
365 394 558 419 oratorum
576 393 688 431 quem
705 379 837 421 Caefitri
854 393 1063 430 antepones
1088 395 1218 417 eorum
1239 384 1302 432 qui

145 438 244 474 nihil
263 436 368 473 aliud
388 435 574 486 egerunt?
606 436 704 496 Qis
724 433 923 470 sententiis
949 447 1012 470 aut
1031 438 1178 471 acutior
1196 459 1208 476 a
1239 448 1305 471 aur.

144 489 338 529 crebrior?
413 492 469 526 uis
489 488 613 525 verbis
645 500 709 524 :tut
726 490 899 526 ornatior
915 511 929 534 ‚
958 499 1022 524 aut
1054 488 1300 538 elegantior?

141 551 288 582 sueton.
307 545 346 578 in
361 543 495 591 Caesiire·
510 552 585 591 cap.
606 542 658 578 lv.

631 594 650 616 ἧι
711 596 733 616 «κ
794 595 814 617 «κ

197 650 337 701 Neque
354 654 458 688 enim
477 650 685 700 quidquam
703 649 808 686 aliud
827 649 877 687 est
909 649 1080 687 felicitas
1106 650 1172 687 nisi
1193 651 1310 687 hone-

143 705 283 742 starum
302 718 423 742 rerum
442 703 672 754 prosperitas
690 731 699 738 .
720 701 792 740 Vel
813 716 853 740 ut
870 703 950 740 alio
966 703 1081 740 modo
1098 704 1278 741 definiam
1299 719 1308 740 ε

143 758 329 796 Felicitas
347 757 396 794 est
430 757 583 795 fortuna
616 757 785 807 adjutrix
817 757 1061 794 consiliorum
1095 758 1307 795 bonorum:

144 812 282 862 quibus
299 814 457 862 quinon
477 814 630 855 utitur,
660 810 754 846 felix
788 811 860 848 effe
878 811 988 847 nullo
1019 811 1130 861 paelo
1157 811 1277 861 potest
1296 838 1305 846 .

143 865 248 916 Ergo
265 868 301 902 in
321 866 481 915 perditis
500 863 704 914 impiisque
734 864 902 901 consiliis
929 864 1066 914 quibus
1083 864 1205 901 Caesar
1223 865 1308 901 usus

142 931 225 955 erat
243 942 255 963 ‚
287 919 393 955 nulla
413 920 539 967 potuit
557 916 629 954 esse
649 916 817 954 felicitas
835 944 844 952 .
877 916 1119 968 Feliciorque
1135 932 1220 955 meo
1249 920 1310 968 ju-

120 973 246 1008 -dicio
279 971 476 1008 Camillus
508 970 685 1008 exsulans
717 992 730 1014 ,
761 984 875 1021 quam
906 971 1143 1019 temporibus
1175 969 1310 1007 iisdem

142 1024 324 1063 Manlius
342 1049 354 1069 ‚
384 1024 527 1062 etiamsi
551 1025 565 1074 (
585 1024 619 1059 id
637 1024 738 1074 quod
755 1027 924 1074 cupierat
943 1024 957 1070 )
975 1037 1133 1075 regnare
1162 1022 1313 1075 potuis-

143 1078 199 1116 set
218 1105 225 1112 .
260 1081 440 1114 Ammian.
460 1076 622 1113 Marcell.
640 1076 665 1112 l.
686 1090 733 1112 xx
746 1091 775 1113 1.
802 1086 877 1125 cap.
901 1080 959 1114 16.

197 1133 367 1189 Qidam
388 1143 560 1168 veterum
579 1131 833 1168 formidantes
850 1155 880 1175 „
897 1145 937 1168 ea
957 1145 1035 1181 quae
1061 1129 1309 1181 scriptoribus

142 1207 175 1231 9,
205 1185 366 1223 historiae
383 1183 533 1220 suorum
565 1197 780 1233 temporum
809 1183 932 1221 solent
967 1183 1058 1233 saepe
1076 1183 1200 1220 fraudi
1239 1184 1312 1222 effe

142 1262 176 1284 9,
205 1251 321 1288 atque
340 1238 493 1274 invidiae
511 1260 541 1281 „
559 1260 571 1280 ,
601 1239 844 1287 cognitiones
862 1237 1013 1273 :diuum
1033 1241 1224 1274 variorum
1246 1237 1310 1274 sti-

142 1292 194 1329 lis
211 1292 388 1329 uberibus
419 1291 634 1341 explicatas
650 1304 725 1328 non
757 1291 909 1326 edidere
939 1289 1154 1340 superstites
1172 1319 1180 1326 .
1212 1289 1309 1329 Idem

142 1344 206 1384 lib.
225 1359 346 1385 xxvx.
361 1353 436 1393 cap.
459 1357 490 1380 1.

632 1398 652 1419 -κ
712 1397 733 1418 -κ
793 1397 814 1419 «κ

198 1451 380 1490 Infelices
410 1451 483 1489 effe
513 1453 579 1503 qui
609 1454 738 1489 omnia
769 1451 836 1490 fibi
867 1451 982 1490 licere
1011 1452 1277 1491 existimarunt
1299 1478 1309 1489 .

146 1505 242 1545 Idem
257 1505 321 1543 lib.
335 1503 448 1542 eodem
464 1533 473 1542 .

628 1559 649 1581 -κ
708 1559 730 1581 «κ
790 1559 811 1582 4(

421 1638 517 1676 Idem
530 1637 581 1676 ad
595 1643 766 1677 Atticum
795 1640 836 1676 de
864 1646 1001 1690 Nepote
1019 1670 1026 1676 .

197 1721 366 1772 Nepotis
382 1720 581 1771 epistolam
598 1720 773 1772 exspefib
791 1748 799 1756 .
828 1720 1004 1772 Cupidus
1022 1722 1090 1760 ille
1106 1736 1275 1761 meorum
1294 1744 1308 1767 2

147 1779 271 1827 quiea
290 1774 427 1826 quibus
459 1778 629 1812 maxime
662 1774 805 1819 γιωμίί
834 1775 993 1827 legenda
1025 1791 1099 1813 non
1118 1789 1226 1827 putet
1243 1777 1257 1812 ?
1274 1777 1311 1821 ὃς

146 1833 205 1868 ais
221 1829 306 1880 μετ’
320 1831 496 1878 οιμυίιενα
515 1852 528 1874 ,
558 1841 599 1866 tu
618 1843 707 1867 vero
739 1828 896 1881 οἰμυμων
916 1845 923 1866 :
953 1830 1023 1867 ille
1053 1832 1206 1881 quidem
1239 1829 1310 1881 ἄμ-

144 1884 294 1934 βροτῶυ
313 1910 322 1918 .
351 1881 434 1919 Lib.
456 1895 547 1920 xv1.
566 1883 675 1931 Epist.
694 1899 730 1921 v.

200 1936 314 1975 Male
329 1950 459 1975 narras
475 1937 522 1974 de
551 1935 720 1988 Nepotis
736 1937 820 1975 filio
836 1966 845 1975 .
864 1937 978 1976 valde
995 1937 1212 1975 mehercule
1227 1951 1312 1974 mo·

145 2002 240 2029 veor
256 2015 268 2036 ,
299 1993 335 2028 ἃ
365 1990 524 2028 moleste
557 1989 638 2030 sero
660 2020 668 2027 .
699 1992 909 2030 nescieram
927 1994 1086 2030 omnino
1101 1991 1174 2030 esse
1199 1991 1310 2029 istum

148 2058 306 2096 puerum
324 2073 333 2082 .
364 2045 582 2094 Eptst.x1v.

772 2098 791 2136 Ι
857 2112 878 2138 2
1101 2098 1182 2136 CO
1200 2097 1262 2136 R-
