1714 2719
225 128 273 166 Τ.
308 126 1117 168 POMPONIUSATTICUS.
1154 143 1218 166 ιιι

116 207 324 246 offenderet
344 231 357 252 ,
386 206 595 245 dissociatis
612 211 751 246 animis
768 211 910 245 civium
929 230 942 252 ‚
960 223 1043 246 cum
1061 208 1129 246 alii
1147 208 1272 245 Sulla·

118 263 176 298 nis
195 285 206 306 ‚
224 261 292 298 alii
307 260 500 298 Cinnanis
516 260 689 299 faverent
707 261 876 312 partibus
897 275 908 305 ς
931 262 1104 300 idoneum
1125 275 1274 311 tempus

119 328 221 352 ratus
239 313 369 351 studiis
385 313 613 365 obsequendi
632 315 705 352 suis
722 339 736 358 ,
755 314 928 351 Athenas
948 313 983 351 se
1000 316 1164 352 contulit
1184 330 1190 351 :
1208 330 1276 351 ne-

118 383 190 419 que
205 382 248 406 eo
264 367 381 405 secius
411 367 690 406 adolescentem
721 367 894 404 Marium
914 390 927 412 ,
957 367 1098 405 hostem
1129 369 1274 419 judica-

120 435 200 458 tum
219 445 231 467 ,
260 422 359 471 juvit
377 421 511 470 opibus
530 420 625 458 suis:
656 423 760 472 cujus
777 419 907 471 sugam
925 424 1080 470 pecunia
1101 421 1275 458 subleva-

118 478 175 512 vit
193 502 201 511 .
234 474 317 518 Ac,
332 474 465 511 ncilla
485 477 740 525 peregrinatio
756 475 1028 512 detrimentum
1045 476 1097 511 ali
1131 475 1200 512 uod
1218 473 1278 511 as-

119 527 232 565 serret
250 529 303 564 rei
320 526 507 564 familiari
526 552 539 574 ‚
567 529 699 566 eodem
715 542 894 579 magnam
922 540 1067 577 partem
1103 489 1276 565 slortuua-

119 595 200 617 rum
220 582 368 631 traJ'ecit
385 580 532 618 suarum
551 609 559 617 .
593 580 671 619 Hic
690 586 739 619 ita
759 585 877 623 vixit,
895 593 934 618 ut
953 581 1133 619 universis
1152 582 1276 619 Athe-

116 634 304 671 nicnfibus
321 638 458 672 merito
488 634 578 672 essct
607 636 810 673 cariilimus
827 663 836 672 .
868 633 971 672 Nam
990 659 1002 680 ,
1032 647 1164 686 practer
1193 649 1276 686 gra-

118 691 211 724 tiam
231 712 244 733 ,
264 702 341 738 qux
359 690 434 739 jam
453 691 489 725 in
508 689 791 726 adolescentulo
809 702 944 740 magna
963 702 1039 726 crat
1059 712 1071 732 ‚
1093 688 1184 739 saepe
1202 688 1278 726 suis

118 742 252 791 opibus
271 745 439 791 inopiam
457 756 585 779 corum
616 744 808 794 publicam
840 743 987 780 levavit
1007 769 1014 777 .
1044 741 1143 779 Cum
1172 745 1275 779 enim

119 795 308 832 versuram
326 794 448 832 facere
465 796 615 847 publice
632 795 772 833 necesse
790 795 878 833 esset
896 820 909 841 ‚
939 810 1059 845 neque
1080 797 1159 846 ejus
1185 810 1276 834 con-

119 849 303 886 ditionem
322 862 463 898 aquam
482 849 660 886 haberent
683 863 695 894 3
727 848 876 899 semper
894 848 928 885 sc
947 848 1170 899 interposuit
1189 873 1202 894 ‚
1219 862 1279 886 at-

118 915 191 950 que
205 904 259 938 ita
277 925 290 946 ‚
309 914 348 937 ut
367 915 487 951 neque
504 901 652 938 usuram
671 917 850 952 umquam
866 901 914 938 ab
932 904 978 938 iis
994 905 1198 951 acceperit,
1211 916 1277 939 ne-

119 969 191 1004 que
208 954 358 1004 longius
378 968 491 1004 quarn
509 955 651 992 dit-stum
669 955 758 992 ell'et
777 980 789 1000 ,
818 969 881 992 eos
901 954 1034 991 debere
1052 954 1173 1004 pass'us
1205 954 1247 992 sit
1264 983 1273 990 .

119 1007 233 1068 Qud
251 1021 452 1059 utrumque
468 1022 547 1045 erat
566 1012 612 1045 iis
630 1008 792 1046 salutare
805 1035 813 1043 .
828 1022 915 1044 nam
934 1022 1054 1057 neque
1073 1009 1274 1059 indulgen-

118 1063 167 1098 do
185 1060 457 1098 inveterascere
470 1076 601 1099 eorum
618 1077 664 1099 ars
680 1063 848 1099 alienum
881 1062 1096 1112 patiebatur
1113 1086 1125 1108 ,
1156 1076 1278 1113 neque

118 1115 429 1164 multiplicandis
447 1113 566 1153 usuris
583 1115 744 1153 crescere
761 1142 769 1151 .
789 1115 912 1152 Auxit
931 1115 1000 1151 hoc
1016 1115 1179 1152 officium
1197 1117 1272 1152 alia

119 1182 269 1218 quoquc
284 1168 520 1205 liberalitate
537 1196 544 1203 .
575 1167 678 1205 Nam
710 1167 906 1205 universos
936 1167 1129 1205 frumento
1157 1170 1279 1206 dona-

117 1224 176 1257 vit
194 1244 206 1266 ‚
224 1223 275 1257 ita
295 1234 334 1257 ut
352 1220 507 1271 singulis
523 1219 583 1257 sex
602 1223 722 1258 modii
740 1225 859 1258 tritici
877 1222 1056 1258 darentur
1078 1248 1087 1256 .
1115 1225 1179 1272 qui
1197 1237 1279 1259 mo-

118 1274 186 1311 ‹lus
204 1273 381 1310 mensurae
397 1297 410 1319 ,
440 1275 656 1312 medimnus
673 1273 841 1311 Athenis
860 1274 1078 1324 appellatur
1094 1303 1102 1310 .

170 1325 241 1364 ΙΙΙ.
273 1324 352 1364 Hic
367 1340 494 1363 autem
512 1327 558 1364 sic
576 1327 610 1365 se
626 1327 777 1379 gerebat
796 1352 808 1373 7
821 1338 862 1364 ut
878 1330 1090 1364 communis
1109 1328 1250 1366 infimis
1263 1352 1278 1375 ,

120 1395 187 1431 par
203 1381 439 1431 principibus
457 1381 650 1418 videretur
667 1409 674 1416 .
705 1383 794 1439 Q¹⁰
833 1380 974 1418 sae‘hun
1006 1380 1055 1418 est
1079 1395 1119 1419 ut
1137 1382 1223 1420 huic
1239 1399 1280 1420 o-

120 1448 227 1471 mnes
257 1434 417 1471 bonores
433 1457 446 1478 ,
476 1448 568 1486 quos
598 1434 743 1486 possent
762 1459 774 1480 ,
804 1434 955 1485 publice
985 1435 1162 1473 haberent
1181 1461 1194 1481 ‚
1223 1439 1278 1474 ci-

121 1501 282 1538 vemque
299 1486 421 1524 facere
438 1485 627 1526 studerent
644 1516 651 1523 .
671 1503 744 1539 quo
762 1487 945 1526 beneficio
963 1489 1032 1541 ille
1048 1492 1105 1526 uti
1124 1490 1248 1527 noluit
1266 1517 1276 1526 .

85 1562 92 1567 ·
120 1543 220 1593 quod
251 1541 430 1577 nonnulli
461 1545 513 1578 ita
545 1535 846 1592 interpretantur
871 1566 883 1587 ,
913 1544 1044 1579 amitti
1076 1546 1277 1580 civitatem

123 1595 346 1633 Romanam
365 1595 439 1630 alia
458 1595 599 1632 adscita
618 1623 626 1631 .
657 1597 853 1656 Qamdiu
878 1594 1001 1632 adfuit
1018 1620 1031 1641 ,
1061 1611 1108 1633 ne
1125 1610 1195 1648 qua
1213 1596 1279 1634 fibi

121 1647 240 1686 statua
271 1660 503 1698 poneretur,
534 1649 697 1687 restitit:
727 1649 860 1686 absens
877 1650 1076 1699 prohibere
1103 1665 1181 1687 non
1211 1663 1280 1700 po-

122 1705 197 1740 tuit
214 1730 222 1737 .
242 1699 376 1752 Itaque
391 1702 540 1753 aliquot
561 1703 626 1754 ipsi
643 1705 677 1740 ὅ(
694 1702 799 1740 Piliae
818 1727 830 1749 ,
849 1703 943 1740 locis
962 1702 1196 1741 sanfiiiffimis
1212 1718 1281 1754 po-

123 1756 275 1793 suerunt
293 1783 301 1791 .
333 1752 452 1792 Hunc
469 1758 569 1793 enirn
588 1761 626 1795 in
644 1760 748 1795 omni
784 1759 1048 1807 procuratione
1066 1757 1280 1808 reipublicae

122 1809 285 1847 afiorem
302 1808 569 1860 aussoremque
586 1811 775 1849 habebant
793 1838 801 1845 .
832 1808 956 1861 Igitur
985 1815 1150 1861 primum
1181 1810 1278 1848 illud

122 1877 259 1900 munus
276 1862 435 1900 fortunae
453 1887 465 1908 ‚
495 1866 597 1914 quod
618 1868 655 1902 in
674 1879 714 1902 ea
733 1864 964 1915 potislimum
981 1865 1072 1902 urbe
1100 1877 1211 1901 natus
1229 1863 1279 1901 est

123 1920 162 1953 in
181 1931 253 1967 qua
270 1917 510 1954 domicilium
528 1919 630 1955 orbis
660 1932 842 1956 terrarum
869 1917 958 1954 ess'et
975 1920 1124 1968 imperii
1142 1942 1154 1962 ,
1184 1931 1224 1954 ut
1242 1932 1283 1954 e-

122 1971 270 2007 amdem
288 1971 323 2006 &
343 1974 506 2020 patriam
525 1970 696 2017 haberet,
713 1973 748 2009 &
764 1971 960 2009 dominam
979 1987 986 2008 ε
1004 1973 1074 2009 hoc
1090 1971 1281 2022 specimen

122 2025 330 2074 prudentiae
346 2047 359 2073 ,
389 2025 489 2077 quod
506 2039 590 2063 cum
608 2028 647 2062 in
665 2040 748 2063 cam
770 2024 806 2062 se
836 2027 1036 2062 civitatem
1062 2024 1280 2063 contuliffet

1142 2092 1220 2129 qux
