1714 2719
503 160 530 197 4
661 147 1027 189 CORNELII
1069 147 1382 189 NEPOTIS

454 243 534 269 rum
553 227 760 266 virtutibus
775 227 1022 278 exponendis.
1038 241 1162 266 mores
1186 228 1495 266 eorum‘secutoss.
1524 228 1606 267 Nc-⁷

453 296 527 334 que
544 285 646 319 enim
661 279 818 318 Cimoni
834 279 910 318 fuit
927 293 1037 332 turpe
1049 305 1062 327 ,
1079 281 1370 319 Atheniensium
1387 280 1530 319 summo
1546 286 1607 320 vi-

451 339 524 382 ro,
553 334 715 373 sororem
731 348 951 386 germanam
968 334 1104 372 habere
1119 337 1158 371 in
1189 337 1437 372 matrimonio
1455 359 1467 380 ,
1497 338 1608 386 quip-

451 402 601 440 pe‚cum
617 391 720 425 cives
736 389 815 438 ejus
831 387 962 424 eodem
978 399 1174 425 uterentur
1188 387 1363 425 instituto
1380 415 1388 423 .
1413 399 1452 424 at
1470 389 1506 424 id
1524 390 1610 438 qui-

451 444 538 481 dem
556 439 690 478 nostris
707 441 873 477 moribus
894 439 1002 477 nefas
1031 440 1190 477 habetur
1207 468 1215 476 .
1247 440 1373 478 Laudi
1389 441 1429 477 in
1457 439 1609 478 Graecia.

448 496 602 532 ducitur
617 493 910 530 adolescentulis
927 493 1228 543 quamplurimos
1245 494 1380 531 habere
1393 490 1584 530 amatote-5
1596 520 1606 530 .

446 546 575 586 Nulla
594 545 857 584 Lacedaemoni
874 558 953 582 tam
973 546 1023 582 est
1041 547 1183 583 nobilis
1200 547 1313 584 vidua
1332 571 1344 592 ,
1374 561 1452 597 quae
1468 546 1609 583 non'ad

449 600 599 640 scenam
618 611 677 637 eat
695 600 864 637 mercede
881 599 1062 636 condu&a
1081 627 1089 635 .
1121 600 1280 651 Magnis
1298 604 1336 643 in
1355 600 1531 645 laudibus
1549 611 1611 636 to-

448 666 489 692 ta
507 653 579 690 fuit
595 651 741 690 Graecia
761 675 773 697 ,
803 651 985 688 viPcotcm
1002 651 1194 702 Olympia:
1223 655 1335 690 citari
1353 681 1361 689 .
1393 655 1432 690 in
1449 652 1609 690 scenam

451 721 542 745 vero
560 707 709 757 prodire
721 729 734 750 ,
763 705 799 740 &
815 704 956 753 populo
973 704 1044 741 esse
1060 704 1273 754 spectaculo
1290 729 1302 751 ,
1321 708 1467 743 nemini
1483 710 1521 742 in
1539 705 1612 743 eis-

451 760 538 797 dem
567 758 742 809 gentibus
771 756 848 793 fuit
865 757 1095 805 turpitudini
1112 785 1120 793 .
1151 771 1229 808 qua:
1259 761 1386 795 omnia
1409 760 1515 808 apud*
1541 772 1610 796 nos

451 816 596 863 partim
615 810 774 848 infamia
793 833 806 855 ,
836 812 977 859 partim
995 810 1154 847 humilia
1174 835 1186 856 ,
1215 822 1330 862 atque
1345 810 1392 848 ab
1417 806 1612 850 honestate

452 877 598 903 remota
628 875 846 915 ponuntur„
877 861 1023 899 Contra
1055 877 1097 899 ea
1129 864 1310 915 pleraque
1327 863 1463 901 nostris
1493 866 1612 901 mori-

448 920 521 956 ‘bus
539 918 624 955 sunt
643 919 793 961 decora,
811 929 888 966 quae
901 916 1005 966 ‚apud
1021 916 1112 954 illos
1129 920 1254 968 turpia
1272 929 1455 967 putantur
1471 945 1479 952 .
1499 931 1611 967 quem

451 975 557 1011 enim
577 970 843 1008 Romanorum
861 970 975 1018 pudet
992 983 1147 1008 uxorem
1161 971 1295 1007 ducere
1313 973 1349 1007 in
1368 971 1612 1008 convivium?

448 1037 519 1063 aut
537 1026 642 1075 cujus
658 1021 954 1060 materfamilias
985 1036 1061 1059 non
1092 1026 1257 1073 primum
1288 1023 1415 1060 locum
1443 1035 1548 1060 tenet
1564 1036 1612 1059 ae-

452 1080 590 1123 diunt,
619 1090 736 1126 atque
756 1079 791 1111 in
824 1075 1044 1112 celebritate
1069 1076 1267 1114 versatur?
1298 1077 1398 1127 quod
1428 1075 1551 1112 multo
1569 1075 1614 1113 fit

448 1132 569 1170 aliter
587 1133 625 1166 in
641 1128 787 1166 Graecia
807 1155 814 1163 .
846 1142 934 1164 nam
951 1142 1071 1178 neque
1088 1132 1126 1166 in
1143 1131 1364 1166 convivium
1381 1129 1583 1165 adhibetur
1599 1151 1615 1174 9

448 1183 522 1224 nisi
553 1185 853 1235 propinquorum
872 1204 884 1226 ,
900 1195 1022 1231 neque
1039 1181 1139 1219 sedet
1158 1207 1170 1227 ,
1189 1181 1256 1218 nisi
1274 1185 1312 1219 in
1329 1185 1614 1232 interio're'par-

453 1231 495 1276 te
510 1239 642 1274 aedium
660 1260 673 1280 ,
704 1248 781 1285 quae
804 1236 1052 1285 gynaeconitis
1069 1236 1287 1286 appellatur
1303 1259 1316 1281 ,
1333 1250 1407 1285 quo
1424 1249 1535 1271 nemo
1551 1249 1614 1272 ac-

452 1293 557 1330 cedit
575 1314 588 1336 ,
605 1289 671 1326 nisi
688 1290 901 1338 propinqua
919 1291 1148 1339 cognatione
1165 1288 1387 1339 conjunctus
1400 1315 1409 1324 .
1439 1288 1510 1325 Sed
1526 1288 1614 1337 plu-

453 1359 493 1382 ra
513 1342 683 1394 persequi
700 1354 779 1378 tum
811 1342 1035 1392 magnitudo
1066 1342 1276 1379 voluminis
1295 1341 1470 1391 prohibet
1487 1364 1501 1387 3
1529 1352 1613 1378 tum

455 1397 650 1435 festinatio
669 1419 681 1440 ,
708 1406 749 1431 ut
780 1408 820 1431 ea
851 1394 1037 1443 explicem
1068 1409 1146 1446 quae
1174 1393 1326 1432 exorsus
1346 1393 1424 1431 sum
1442 1421 1451 1429 .
1484 1396 1614 1454 Qare

452 1452 503 1488 ad
535 1448 763 1500 propositum
781 1449 976 1484 veniemus
993 1471 1005 1493 ‚
1034 1449 1070 1484 &
1098 1450 1139 1484 in
1170 1449 1239 1487 hoc
1266 1447 1366 1486 libro
1381 1460 1613 1499 exponemus

456 1502 576 1555 Vitas
592 1501 880 1539 Excellentium
897 1499 1176 1551 Imsferatorum
1195 1529 1204 1538 .

606 1626 1464 1702 MILTIADES.

1018 1769 1048 1806 Ι.

452 1874 486 1916 l.
632 1873 895 1914 ILTIADES
923 1875 1101 1914 Cimonis
1120 1876 1223 1914 filius
1239 1875 1483 1914 Atheniensis
1501 1899 1514 1923 ‚
1531 1890 1615 1914 cum

659 1932 694 1967 &
728 1933 960 1981 antiquitate
986 1934 1164 1980 generis,
1194 1931 1364 1981 &gloria
1395 1932 1580 1981 majorum
1599 1952 1613 1974 ‚

454 1984 566 2021 &sua
590 1983 770 2021 modestia
789 2007 802 2030 ,
832 1997 927 2020 unus
958 1986 1129 2020 omnium
1157 1987 1326 2021 maxime
1343 1984 1492 2020 floreret
1510 2006 1523 2028 5
1551 1996 1617 2019 ea-

456 2052 529 2090 que
546 2038 634 2078 esset
650 2049 756 2078 aetate
778 2060 791 2086 2
821 2049 862 2077 ut
878 2051 952 2079 non
968 2038 1046 2089 jam
1065 2037 1191 2080 solum·
1203 2038 1249 2078 de
1265 2051 1308 2078 co
1325 2037 1418 2077 bene
1435 2035 1581 2128 spefage
1597 2057 1613 2081 ,

1514 2102 1532 2127 e
