1714 2719
336 145 882 188 MILTIADES.
965 146 997 186 1.
1163 157 1185 193 ς

63 228 126 268 sed
143 229 259 266 etiam
276 226 465 265 confidere
480 229 583 264 cives
602 225 747 277 possent
775 227 827 265 sui
846 251 859 273 ‚
888 227 1008 264 talem
1028 225 1199 264 futurum
1218 249 1233 274 ,

63 282 217 334 qualem
233 283 429 333 cognitum
445 281 661 331 judicarunt
679 303 692 326 ,
721 281 888 326 accidit,
914 293 953 318 ut
973 280 1231 318 Athenienses

61 334 339 374 Chersonesum
369 335 526 372 colonos
544 334 691 372 vellent
721 337 875 372 mittere
893 361 900 369 .
930 333 1051 384 Cujus
1082 337 1234 385 generis

63 404 148 428 cum
165 403 323 440 magnus
341 402 518 426 numerus
535 387 625 425 essct
643 412 655 432 ‚
685 388 853 425 &multi
884 388 963 437 ejus
980 388 1231 439 demigratio-

63 446 125 480 nis
155 455 323 493 peterent
347 441 565 479 societatem
583 465 596 487 ,
626 454 669 478 ex
689 442 747 478 his
763 439 901 479 dcleEli
934 439 1111 490 Delphos
1132 441 1231 478 deli-

66 496 234 534 bei-atum
251 496 347 533 missi
364 495 448 533 sunt
465 518 479 541 ι,
509 497 573 545 qui
600 493 841 532 consulerent
860 493 1092 544 Apollinem
1111 518 1124 540 ,
1154 509 1230 545 quo

64 548 292 602 potissimum
310 549 403 587 duce
432 561 627 586 uterentur
642 576 651 584 .
682 562 771 585 nam
796 562 876 586 tum
897 547 1063 585 Thraces
1093 562 1154 585 eas
1172 562 1231 585 rc-

92 606 194 640 iones
211 603 391 640 tenebant
409 627 422 647 ,
451 616 535 640 cum
554 602 690 653 quibus
706 605 822 640 armis
838 614 918 639 erat
936 602 1199 639 dimicandum
1216 630 1232 652 .-

60 616 141 693 {iis
170 655 455 694 consulentibus
487 658 719 693 nominatim
750 655 889 704 Pythi-1
922 658 1099 705 praecepit
1131 672 1153 701 ‚·
1183 668 1224 692 ut

63 708 290 747 Miltiadem
308 709 373 746 sibi
397 713 662 759 imperatorem
680 708 869 747 sumerent
887 736 894 744 .
931 709 967 745 id
986 708 1008 746 sl
1026 707 1226 755 fecissent,

64 766 215 812 incepta
234 762 406 813 prospera
426 762 551 800 sutura
569 790 578 798 .
611 761 698 800 Hoc
715 763 859 800 oraculi
877 761 1051 813 responso
1069 762 1229 799 Miltia-

64 815 128 854 des
144 830 227 853 cum
243 815 387 854 deleth
420 830 534 852 manu
551 816 663 853 clall'e
693 815 968 853 Chersonesum
1001 814 1192 865 proseehts
1209 839 1235 865 ‚-

65 883 149 906 cum
166 868 361 907 accedisset
381 869 567 906 Lemnum
585 894 598 913 ,
615 870 812 906 &incolas
830 871 908 920 ejus
929 868 1056 906 insulae
1073 868 1138 906 sub
1155 883 1225 919 po-

65 920 235 959 testatem
254 923 420 972 redigere
438 923 556 959 vellet
575 921 867 959 Atheniensium
886 946 898 967 ,
929 923 1043 972 idque
1072 935 1112 958 ut
1149 921 1226 959 Le-

63 977 159 1011 mnii
178 973 237 1010 sua
257 973 389 1024 sponte
405 974 572 1011 facerent
589 998 601 1017 ,
615 972 850 1023 postulasset,
868 975 929 1010 illi
948 975 1149 1012 irridentes
1168 989 1228 1012 re-

63 1025 291 1076 sponderunt
309 1049 322 1072 5
352 1039 432 1064 tum
451 1027 487 1063 id
506 1026 540 1063 se
557 1025 723 1064 facturos
741 1051 754 1071 ,
784 1042 868 1064 cum
900 1028 969 1064 ille
985 1027 1098 1065 domo
1114 1031 1232 1065 navi-

64 1080 130 1117 bus
148 1079 385 1130 proficiscens
403 1092 518 1117 vento
535 1079 733 1130 Aquilone
751 1080 910 1118 veniss'et
929 1079 1118 1118 Lemnum
1135 1108 1145 1118 .
1163 1081 1226 1120 hic

65 1137 166 1170 enim
183 1146 318 1171 ventus
347 1148 366 1170 a
399 1133 732 1184 septemtrionibus
749 1136 873 1171 oriens
890 1133 1088 1171 adversum
1117 1146 1224 1173 tenet

64 1186 232 1224 Athenis
261 1186 582 1236 proficiscentibus
599 1214 607 1221 .
643 1187 846 1224 Miltiades
877 1189 1052 1225 morandi
1072 1200 1225 1239 tempus

64 1254 138 1276 non
155 1240 294 1276 habens
311 1264 324 1285 ,
353 1240 498 1278 cursum
528 1242 670 1277 direxit
687 1255 762 1291 quo
788 1242 967 1278 tendebat
985 1256 993 1278 :
1024 1245 1222 1300 pervquit-

61 1305 134 1343 quc
149 1291 422 1331 Chersonesum
440 1321 449 1330 .
1142 1301 1155 1308 ''

112 1343 163 1382 ΙΙ.
195 1344 254 1383 Ibi
284 1346 388 1384 brevi
413 1360 582 1398 tempore
598 1346 840 1385 barbarorum
865 1350 986 1400 copiis
1019 1349 1189 1400 disjeEfis
1206 1371 1223 1396 ²

59 1409 142 1436 tota
159 1402 311 1450 regione
339 1415 451 1452 quam
487 1404 648 1452 petierat
665 1425 678 1447 ‚
704 1405 848 1452 potitus
863 1426 876 1448 ,
906 1404 988 1440 loca
1006 1403 1172 1441 castellis
1189 1406 1223 1440 i·

56 1452 179 1490 donea
197 1457 476 1492 communivit:
508 1455 799 1493 multitudinem
829 1468 942 1506 quam
961 1455 1083 1494 secum
1100 1458 1219 1496 duxe-

58 1518 116 1542 rat
135 1529 147 1550 ‚
178 1509 215 1542 in
242 1511 340 1558 agris
358 1509 565 1546 collocavit
584 1532 597 1554 ,
625 1508 838 1560 crebrisque
866 1510 1145 1548 excursionibus
1162 1511 1222 1548 lo·-

57 1559 270 1609 cupletavit
284 1589 291 1595 .
322 1560 457 1613 Neque
473 1565 599 1599 minus
615 1565 654 1599 in
671 1576 712 1600 ea
730 1577 768 1600 re
785 1564 984 1614 prudentia
999 1589 1012 1610 ,
1029 1578 1143 1616 quam
1160 1563 1218 1602 se-

58 1612 209 1650 licitate
225 1637 237 1658 ,
265 1615 418 1665 adjutus
433 1615 483 1654 est
500 1644 509 1652 .
540 1629 628 1653 nam
645 1630 730 1653 cum
748 1621 890 1655 virtute
919 1619 1090 1655 militurn
1107 1619 1217 1656 devi-

55 1664 161 1704 cilset
178 1666 337 1713 hostium
369 1672 555 1707 exercitus
573 1693 586 1715 ‚
616 1669 759 1707 summa
790 1674 967 1722 aequitate
997 1686 1052 1709 res
1076 1670 1218 1709 consti-

56 1722 132 1757 tuit
144 1743 157 1765 ,
174 1733 288 1771 atque
305 1721 382 1771 ipse
398 1723 540 1761 ibidem
557 1737 709 1761 manere
725 1725 893 1762 decrevit
911 1753 919 1761 .
936 1738 1017 1763 erat
1034 1729 1136 1763 enim
1154 1729 1226 1770 in-v

58 1783 115 1809 ter
127 1787 188 1811 eos
204 1775 395 1825 dignitate
411 1781 510 1828 regia
529 1802 542 1824 ‚
572 1780 748 1828 quamvis
764 1778 916 1816 carebat
933 1783 1088 1817 nomine
1107 1807 1115 1814 .
1147 1794 1216 1816 ue-

57 1839 130 1876 que
145 1827 182 1864 id
198 1831 318 1879 magis
335 1832 496 1880 imperio
509 1855 521 1876 ,
534 1845 646 1882 quam
662 1830 806 1882 justitia
821 1857 834 1878 ,
851 1832 1071 1870 consecutus
1091 1860 1098 1867 .
1131 1831 1216 1878 Ne-

56 1893 129 1930 que
144 1895 188 1918 eo
203 1879 319 1920 secius
337 1882 632 1922 Athenienlibus
649 1909 662 1931 ,
690 1899 710 1922 a
729 1887 865 1937 quibus
894 1899 973 1924 erat
989 1885 1179 1937 profeQus
1200 1909 1214 1932 ,

55 1933 174 1970 officia
194 1934 386 1985 praestabat
404 1965 413 1973 .
444 1939 595 2000 Qibus
624 1939 732 1976 rebus
749 1939 862 1977 fiebat
879 1965 892 1987 ,
922 1954 962 1978 ut
980 1955 1055 1978 non
1085 1943 1213 1977 minus

52 1999 181 2024 eorum
202 1989 414 2028 'voluntate
443 2004 626 2042 perpetuo
656 1996 860 2043 imperium
889 1995 1078 2032 obtineret
1104 2017 1116 2039 ‚
1147 1995 1216 2044 qui

54 2041 232 2088 miserant
249 2067 262 2090 ,
291 2057 404 2096 quam
421 2046 578 2091 illorum
594 2072 608 2095 ,
636 2061 721 2092 eum
739 2047 875 2098 quibus
892 2061 971 2089 erat
992 2045 1182 2142 prggfilus
1198 2073 1211 2084 .

786 2114 804 2151 3
1105 2114 1162 2154 εἷ’
