1714 2719
440 186 486 222 52
593 173 966 213 CORNELII
1021 174 1336 215 NEPOTIS

384 258 491 298 Nam
507 259 595 296 dum
613 261 756 308 primus
774 257 895 294 studet
916 268 1068 306 portum
1099 259 1241 295 intrare
1257 281 1270 303 ,
1300 258 1337 294 &
1359 252 1548 308 guberna-1

388 324 510 350 torem
527 311 632 363 jubet
649 325 693 349 eo
709 312 871 363 dirigere
888 324 1024 347 navem
1043 334 1055 355 ,
1072 310 1150 360 ipse
1167 311 1232 347 fibi
1250 314 1431 361 perniciei
1447 312 1544 353 suit.

382 379 467 402 cum
511 368 614 402 enim
643 379 687 402 eo
716 363 944 414 penetrasset
962 387 974 407 ,
1004 375 1132 400 ceterae
1162 378 1238 400 non
1269 363 1354 402 sunt
1385 365 1516 403 secutae
1532 395 1542 405 .

387 421 476 474 Qo
493 417 526 455 sa
535 418 594 455 Εὶο
611 416 859 455 circumfusus
875 415 1037 452 hostium
1054 416 1235 454 concursu
1251 431 1333 454 cum
1347 417 1548 457 fortiffime

389 474 707 523 pugnaret‚11avis
725 469 841 507 rostro
858 468 1024 518 percussa
1047 473 1160 519 coepit
1179 470 1294 508 fidere
1309 498 1318 506 .
1337 469 1446 509 Hinc
1460 486 1548 510 cum

388 524 559 575 refugere
576 524 695 574 posset
713 548 726 567 ‚
756 524 778 559 sl
798 521 832 559 se
848 524 886 558 in
902 536 1006 559 mare
1030 522 1219 572 dejecisset
1237 547 1249 569 ‚
1279 525 1378 573 quod
1398 524 1548 563 suberat

385 579 508 615 claffis
525 576 818 615 Atheniensium
836 599 848 621 ,
868 589 946 625 quae
963 577 1153 625 exciperet
1170 589 1367 614 natantem
1381 601 1394 623 ,
1422 582 1548 628 perire

387 632 529 669 maluit
558 644 672 681 quam
704 631 821 665 armis
837 627 994 678 abjeffis
1027 642 1163 665 navem
1185 630 1398 681 relinquere
1415 634 1453 668 in
1472 645 1548 682 qua

385 683 509 721 suerat
528 683 657 721 veetus
676 708 684 716 .
714 680 757 718 Id
774 683 890 718 ceteri
920 679 1045 718 facere
1073 682 1278 720 noluerunt
1295 708 1308 730 ,
1337 687 1402 734 qui
1418 686 1548 722 nando

386 740 426 773 in
443 749 569 774 tutum
587 746 840 786 pervenerunt
858 761 866 769 .
891 731 948 770 At
965 734 1034 770 ille
1050 733 1220 783 praestare
1236 735 1427 775 honestam
1445 752 1549 775 mor-

387 801 465 827 tem
483 789 703 827 existimans
720 789 822 836 turpi
841 789 927 826 vitae
946 808 960 832 >
987 790 1160 825 cominus
1177 801 1350 840 pugnans
1366 791 1455 829 telis
1480 792 1550 830 ho-

387 841 497 881 stium
515 840 738 880 interfefius
755 840 806 878 est
823 866 832 876 .
1118 860 1123 864 ·

503 931 1416 1038 TIMOTHEUS.

890 1130 1044 1171 XIII.

388 1267 421 1307 Ῑ.
553 1265 850 1305 IMOTHEUS
865 1265 1039 1305 Cononis
1059 1265 1162 1304 filius
1179 1265 1425 1306 Atheniensis
1442 1295 1449 1304 .
1469 1266 1551 1308 Hic

580 1335 601 1358 a
630 1332 738 1371 patre
758 1332 952 1370 acceptam
969 1321 1133 1373 gloriam
1152 1321 1287 1358 multis
1303 1325 1411 1359 auxit
1429 1325 1553 1359 virtu-

393 1377 496 1415 tibus
512 1403 520 1412 .
552 1373 642 1411 Fuit
658 1376 759 1411 enim
785 1373 946 1411 disertus
963 1398 976 1420 ‚
1007 1378 1169 1424 impiger
1186 1398 1198 1420 ,
1228 1374 1436 1412 laboriosus
1454 1399 1466 1419 ‚
1497 1379 1552 1413 rei

393 1431 579 1469 militaris
596 1430 882 1478 peritus‚neque
896 1431 1022 1465 minus
1039 1430 1213 1465 civitatis
1229 1429 1397 1479 regendae
1410 1456 1417 1464 .
1438 1429 1553 1465 Mul·
1605 1444 1608 1446 ·

392 1496 432 1521 ta
448 1484 559 1534 hujus
578 1480 661 1517 sunt
679 1480 853 1528 praeclare
868 1480 966 1519 faeta
986 1505 998 1526 ‚
1022 1481 1082 1518 sed
1101 1481 1174 1518 haec
1189 1484 1356 1519 maxime
1372 1482 1550 1519 illustria.

392 1535 608 1586 Olynthios
629 1535 664 1571 ὃ(
680 1533 888 1583 Byzantios
906 1534 1008 1571 bello
1033 1534 1180 1586 subegit
1198 1562 1206 1570 .
1238 1535 1392 1573 Samum
1421 1538 1521 1585 cepit
1539 1563 1550 1572 .

395 1593 436 1627 in
454 1602 525 1640 qua
545 1588 797 1638 oppugnanda
829 1587 1010 1640 superiori
1041 1588 1144 1626 bello
1162 1587 1417 1626 Athenienses
1440 1589 1554 1626 mille

397 1644 433 1680 ὃ(
449 1644 610 1680 ducenta
641 1641 791 1678 talenta
822 1641 1103 1679 consumserant
1121 1669 1128 1677 .
1161 1642 1257 1679 hanc
1275 1643 1344 1679 ille
1372 1642 1447 1680 fine
1470 1643 1552 1679 ulla

393 1695 548 1747 publica
567 1694 734 1744 impensa
767 1695 909 1746 populo
938 1695 1101 1732 restituit
1120 1722 1128 1730 .
1161 1694 1376 1733 Adversum
1405 1695 1553 1745 Cotym

395 1749 500 1787 bella
517 1747 621 1798 gessit
639 1774 647 1783 .
677 1747 725 1785 ab
741 1762 860 1799 eoque
875 1749 987 1785 mille
1017 1750 1052 1785 ἃ
1069 1751 1230 1786 ducenta
1247 1750 1393 1787 talenta
1424 1751 1555 1799 praedoe

394 1807 435 1840 in
452 1801 647 1853 publicum
665 1802 804 1838 detulit
823 1829 831 1838 .
849 1801 1034 1850 Cyzicum
1052 1802 1243 1840 obsidione
1260 1802 1463 1840 liberavit.
1494 1801 1554 1840 A-

397 1856 612 1894 riobarzani
628 1854 736 1891 simul
753 1869 838 1892 cum
857 1855 1036 1906 Agesilao
1052 1856 1200 1893 auxilio
1215 1856 1407 1906 profeEius
1425 1854 1475 1893 est
1494 1871 1501 1893 :
1530 1869 1553 1893 a

396 1923 472 1960 quo
489 1922 573 1946 cum
589 1905 694 1945 Laco
710 1911 907 1958 pecuniam
926 1921 1164 1946 numeratam
1181 1909 1397 1960 accepisset,
1416 1909 1484 1946 ille
1500 1911 1556 1946 ci-

397 1976 463 2000 ves
480 1960 563 1999 suos
592 1974 683 2012 agro
703 1973 818 2013 atque
847 1961 1001 1999 urbibus
1027 1966 1157 2014 augeri
1175 1964 1314 2000 maluit
1332 1987 1344 2009 ,
1375 1976 1484 2013 quam
1515 1964 1557 1999 id.

395 2014 541 2053 sumere
557 2016 662 2064 cujus
692 2027 837 2064 partem
854 2015 1008 2053 domum
1039 2015 1143 2053 suam
1173 2016 1271 2055 ferre
1302 2016 1421 2067 posset
1438 2044 1446 2051 .
1475 2014 1556 2052 Ita-

395 2083 468 2120 que
483 2070 629 2120 accepit
660 2067 940 2110 Erichthonem
957 2070 993 2109 &
1022 2069 1165 2112 Sestum
1183 2099 1191 2110 .
1221 2069 1328 2111 Idem
1347 2069 1454 2161 εΙὲίΓά
1464 2082 1557 2118 prae,-

1401 2136 1441 2160 e»
1461 2135 1502 2161 US
