1714 2719
363 127 789 170 CIMON.
895 126 946 165 V.
1142 143 1185 177 ²3

308 263 1007 334 CIMON.

635 404 685 443 V.

76 543 108 582 1.
213 537 363 577 IMON
381 534 582 574 Miltiadis
600 533 703 571 filius
718 533 979 578 Atheniensis,
995 533 1090 572 duro
1104 535 1238 574 admo—

240 593 330 630 dum
348 592 462 628 initio
479 588 563 625 usus
580 587 631 625 est
648 587 922 625 adolescentiae.
944 586 1046 624 Nam
1064 603 1150 626 cum
1168 603 1236 639 pa-

74 662 133 688 ter
148 650 226 698 ejus
244 647 355 683 litem
372 642 593 682 aessimatam
611 642 754 691 populo
772 640 918 678 solvere
935 656 1008 678 non
1027 643 1208 691 potuiffet
1221 667 1234 688 ,

72 703 124 741 ob
137 714 296 751 eamque
312 697 474 737 caulsam
494 699 531 732 in
550 696 717 732 vinculis
735 694 900 745 publicis
916 694 1119 733 deccssisset
1136 720 1149 741 ,
1165 696 1238 734 Ci-

73 770 163 794 mon
181 754 314 791 eadem
330 750 496 790 custodia
528 748 728 786 tenebatur
745 772 758 793 ,
789 762 910 799 neque
939 749 1088 800 legibus
1108 748 1238 787 Athe-

75 807 265 847 niensibus
280 807 410 844 emitti
426 815 575 853 poterat
588 826 601 846 ,
619 801 685 838 nisi
703 805 902 852 pecuniam
921 816 992 852 qua
1011 815 1119 852 pater
1134 805 1237 840 mul-

75 875 179 900 tatus
195 859 284 897 esset
303 883 315 903 ,
346 855 514 895 solviss‘ct
533 883 541 891 .
574 853 755 892 Habebat
773 868 900 892 autem
930 859 966 891 in
987 859 1237 894 matrimonio

72 915 238 953 sororem
254 923 476 963 germanam
495 907 597 945 suam
616 932 628 952 ‚
646 910 802 945 nomine
820 907 1025 958 Elpinicen
1039 933 1050 953 ‚
1065 924 1140 946 non
1157 923 1241 946 ma-

71 971 131 1020 gis
147 978 292 1010 amore,
309 977 423 1013 quam
441 965 568 1013 patrio
583 975 687 998 more
705 961 838 998 duetus
855 988 862 996 .
883 975 971 997 nam
988 961 1237 1000 Athenienfi-

73 1021 141 1059 bus
158 1019 248 1056 licet
265 1017 398 1057 eodem
416 1027 523 1065 patre
541 1026 649 1050 natas
667 1027 802 1050 uxores
819 1014 954 1051 ducere
971 1041 978 1049 .
999 1012 1128 1066 Hujus
1145 1031 1238 1053 con-

74 1075 169 1126 jugii
195 1071 356 1120 cupidus
383 1068 537 1106 Callias
568 1067 723 1118 quidam
741 1091 754 1113 ,
784 1081 859 1104 non
897 1079 975 1104 tam
1007 1069 1207 1119 generosus
1224 1098 1238 1117 ‚

76 1137 189 1179 quam
200 1121 428 1174 pecuniosus
443 1146 455 1166 ,
477 1124 541 1172 qui
559 1134 717 1172 magnas
733 1124 915 1171 pecunias
932 1135 975 1158 ex
995 1124 1168 1161 metallis
1185 1122 1243 1162 se-

76 1190 179 1218 cerat
193 1201 208 1224 ,
234 1179 313 1227 egit
329 1190 415 1213 cum
445 1175 611 1212 Cimone
629 1198 641 1219 ,
671 1187 713 1210 ut
729 1188 812 1211 eam
830 1174 897 1211 fibi
927 1188 1083 1212 uxorem
1101 1177 1207 1215 daret
1224 1205 1233 1213 .

73 1233 115 1270 id
131 1231 155 1270 fi
172 1228 405 1282 impetrasset
423 1251 436 1273 ‚
466 1227 502 1264 se
519 1241 585 1277 pro
617 1228 688 1264 illo
705 1230 906 1277 pecuniam
931 1227 1143 1267 soluturum
1167 1258 1174 1266 .
1205 1229 1241 1268 Is

73 1299 158 1325 cum
176 1284 294 1322 talem
310 1283 574 1320 conditionem
604 1280 869 1330 aspernaretur
885 1304 899 1326 ,
928 1280 1110 1332 Elpinice
1125 1298 1242 1336 nega-

75 1342 133 1379 vit
149 1336 186 1376 se
201 1334 613 1388 passuram,Miltiadis
630 1338 852 1385 progeniem
869 1337 908 1371 in
928 1337 1095 1374 vinculis
1112 1338 1241 1388 publi-

75 1394 129 1434 cis
143 1393 300 1428 interire
317 1404 326 1427 :
356 1392 614 1440 quoniamque
645 1388 844 1438 prohibere
860 1388 980 1438 posset
997 1414 1012 1435 ,
1042 1389 1079 1427 se
1097 1391 1241 1438 ‚Gallie

73 1457 281 1495 nupturam
298 1466 312 1488 ‚
342 1442 367 1480 si
385 1455 426 1480 ea
445 1455 523 1493 quae
540 1442 790 1492 polliceretur
807 1465 820 1487 ,
850 1441 1080 1491 praestitisset
1097 1476 1106 1484 .

124 1496 176 1536 11.
209 1496 300 1534 Tali
318 1497 432 1534 modo
461 1495 628 1533 custodia
660 1496 845 1533 liberatus
865 1494 1006 1534 Cimon
1026 1521 1038 1542 ‚
1067 1499 1241 1536 celeriter

44 1575 47 1579 ·
75 1553 123 1591 ad
137 1554 398 1603 principatum
416 1551 591 1599 pervenit
604 1576 612 1585 .
631 1547 814 1586 Habebat
832 1552 935 1586 enim
952 1549 1042 1587 satis
1056 1552 1242 1603 cloquen-

74 1607 136 1644 tiae
148 1629 162 1651 ‚
178 1604 364 1642 summam
383 1603 677 1648 liberalitatem,
694 1616 875 1654 magnam
892 1604 1136 1654 prudentiam
1153 1620 1240 1644 cum

73 1661 166 1712 juris
182 1659 312 1696 civilis
333 1681 347 1703 ,
366 1670 447 1694 tum
464 1659 516 1694 rei
532 1656 718 1694 militaris
737 1680 749 1702 ‚
767 1657 868 1707 quod
889 1671 973 1694 cum
990 1671 1098 1708 patre
1114 1673 1133 1696 a
1152 1673 1243 1710 pue-

76 1726 118 1750 ro
132 1714 172 1749 in
185 1714 357 1750 exercitu
387 1709 512 1747 suerat
530 1709 699 1747 versatus
717 1738 726 1745 .
756 1708 893 1760 Itaque
909 1711 970 1748 hic
986 1713 1022 1748 &
1054 1713 1240 1763 populum

78 1764 260 1803 urbanum
277 1767 316 1801 in
348 1763 409 1800 sua
432 1766 556 1801 tenuit
587 1763 774 1814 potestate
791 1787 804 1808 ‚
833 1765 869 1800 ὃ(
899 1765 999 1815 apud
1029 1771 1240 1806 exercitum

79 1818 285 1870 plurimum
303 1818 428 1855 valuit
445 1816 673 1854 anaoritate
686 1845 694 1853 .
727 1816 898 1854 Primum
915 1820 1123 1869 imperator
1139 1822 1241 1871 apud

77 1872 217 1910 flumen
233 1873 435 1921 Strymona
453 1884 612 1922 magnas
626 1873 755 1922 copias
770 1869 964 1910 Thracum
982 1872 1153 1924 fugavit:
1173 1888 1242 1924 op-

76 1925 209 1976 pidum
237 1924 513 1975 Amphipolim
543 1923 742 1962 constituit
759 1949 773 1970 ‚
802 1939 922 1976 eoque
952 1926 1083 1964 decem
1113 1929 1244 1968 millia

77 1977 368 2018 Atheniensium
399 1981 438 2014 in
460 1978 654 2016 coloniam
683 1978 784 2015 misit
803 2005 812 2013 .
843 1977 950 2016 Idem
976 1981 1116 2017 iterum
1144 1985 1244 2032 apud

78 2031 519 2085 Mycalen‚Cypi·ioruni
531 2033 566 2069 ὃ(
583 2030 807 2123 Phoenica?
820 2033 980 2071 ducenta
988 2047 1070 2072 rum
1086 2038 1245 2126 mlvs'um

857 2099 881 2129 4
1097 2102 1116 2126 c
1136 2101 1153 2125 a
1177 2112 1195 2121 -
