1714 2719
512 135 533 171 8
668 129 1035 171 CORNELII
1086 130 1405 174 NEPOTIS

513 209 563 246 V.
594 208 684 248 Hoc
701 214 739 247 in
756 222 927 260 tempore
943 209 1050 246 nulla
1080 213 1217 248 civitas
1237 208 1533 255 Atheniensibus
1548 223 1616 248 atr-

461 263 559 315 gilio
575 263 648 300 fuit
680 276 810 314 praeter
826 262 1048 300 Plataeenses
1064 290 1073 298 .
1103 277 1144 300 ea
1160 262 1271 300 mille
1284 262 1388 299 mifit
1415 263 1583 300 militum
1600 291 1611 300 .

457 315 595 368 Itaque
610 318 743 354 horum
759 318 928 354 adventu
952 316 1079 352 decem
1108 317 1234 353 millia
1251 328 1482 353 armatorum
1512 331 1617 353 com-

459 371 564 421 pleta
582 370 688 407 sunt:
711 384 788 421 quae
802 383 937 407 manus
952 369 1123 405 mirabili
1140 368 1323 420 flagrabat
1339 369 1534 419 pugnandi
1551 373 1616 407 cu'—

487 424 625 461 iditate
640 451 649 458 .
679 426 768 513 <Qlo
802 422 944 460 faetum
975 421 1026 459 est
1055 445 1069 467 ,
1098 434 1139 459 ut
1169 424 1254 472 plus
1284 435 1396 472 quam
1429 422 1581 473 collegae
1599 446 1613 468 ‚

457 438 667 514 K‘liltiades
686 491 729 513 va
753 479 850 513 uerit
866 503 874 511 .
905 477 984 525 ejus
1000 477 1101 511 enim
1117 476 1347 513 auem-itate
1374 476 1525 525 impulsi
1556 474 1615 512 A·

457 529 675 567 thenienses
691 554 704 575 ,
733 533 860 579 copias
877 542 921 565 ex
938 527 1029 565 urbe
1043 529 1253 566 eduxerunt
1270 551 1283 572 ,
1300 527 1461 578 locoque
1476 529 1615 567 idoneo

454 583 575 623 castra
593 582 763 622 fecerunt
781 597 788 619 :
819 581 955 619 deinde
979 580 1125 630 postero
1140 583 1201 619 die
1217 606 1230 628 ,
1260 579 1324 617 sub
1339 590 1484 619 montis
1513 583 1615 619 radi-

455 636 564 674 cibus
580 639 661 673 acie
677 650 696 672 e
727 637 881 685 regione
910 633 1084 670 instruSm
1104 658 1116 680 ,
1145 649 1244 672 nova
1262 645 1342 671 arte
1357 657 1370 680 ‚
1400 638 1440 672 vi
1468 634 1612 673 summa

451 690 628 740 praelium
644 687 915 725 commiserunt
931 714 940 723 .
971 685 1150 736 Namque
1178 688 1329 724 arbores
1353 688 1488 725 multis
1518 689 1614 726 locis

454 754 566 781 erant
582 754 668 778 rarae
685 765 698 786 ,
724 741 794 778 hoc
809 740 966 777 consrlio
983 763 996 785 ‚
1011 750 1053 776 ut
1068 741 1105 775 ὅ(
1120 743 1307 777 montium
1324 751 1540 790 tegerentur
1554 741 1614 779 al-

451 796 625 834 titudine
641 818 654 840 ,
683 795 718 830 ὃ(
733 793 910 830 arborum
926 792 1046 830 traEhi
1065 795 1258 843 equitatus
1272 791 1436 830 hostium
1450 795 1614 844 impedi-

451 862 561 887 tetur
578 872 590 894 ‚
619 861 666 884 ne
680 846 935 884 multitudine
959 846 1223 883 clauderentur
1238 874 1247 881 .
1278 844 1395 883 Datis
1411 870 1424 892 ,
1453 847 1518 884 etfi
1535 862 1612 885 non

451 901 585 940 locum
601 912 745 951 aequum
763 899 919 937 videbat
947 897 1023 936 suis
1040 923 1055 945 ,
1081 910 1210 937 tamen
1240 899 1359 937 fretus
1376 913 1534 937 numero
1548 914 1614 939 co-

451 957 607 1008 piarum
624 953 771 991 suarum
789 954 989 1004 confligere
1005 953 1180 1002 cupiebat
1197 977 1210 998 ,
1228 967 1346 1003 eoque
1361 955 1498 1004 magis,
1510 955 1612 1004 quod

453 1012 562 1059 prius
578 1022 691 1059 quam
707 1006 987 1044 Lacedaemonii
1016 1005 1176 1043 subfidio
1195 1009 1371 1043 venirent
1387 1029 1400 1051 ,
1428 1006 1612 1045 dimicare

451 1061 555 1099 utile
569 1060 827 1098 arbitrabatur
842 1087 851 1096 .
882 1062 1012 1110 itaque
1041 1062 1079 1096 in
1099 1062 1219 1096 aciem
1236 1060 1410 1109 peditum
1425 1071 1576 1096 centum
1595 1083 1610 1106 ‚

451 1119 630 1165 equitum
645 1114 773 1151 decem
789 1113 914 1149 millia
932 1112 1110 1162 produxit
1129 1136 1141 1157 ,
1171 1113 1422 1162 proeliumque
1450 1116 1612 1149 commi-

447 1168 498 1207 fit
516 1195 524 1203 .
554 1165 599 1204 In
616 1182 690 1219 quo
705 1178 815 1204 tanto
843 1167 929 1216 plus
946 1168 1090 1203 virtute
1106 1166 1307 1203 valuerunt
1323 1164 1579 1203 Athenienses
1594 1189 1609 1213 5

450 1233 497 1260 ut
513 1221 786 1272 decemplicem
802 1233 999 1256 numerum
1016 1219 1176 1258 hostium
1197 1219 1441 1270 profligarent
1458 1233 1467 1255 :
1496 1219 1611 1257 adeo-

452 1289 529 1326 que
544 1285 825 1324 perterruerunt
843 1297 856 1319 ,
878 1284 919 1310 ut
936 1271 1050 1309 Persae
1068 1287 1140 1308 non
1158 1272 1273 1309 castra
1292 1296 1305 1318 ,
1334 1271 1394 1308 sed
1410 1285 1527 1309 naves
1543 1286 1610 1323 pe-

451 1339 580 1366 terent
597 1355 606 1362 .
637 1330 722 1388 Qa
741 1339 863 1378 pugna
881 1326 978 1362 nihil
995 1326 1116 1362 adhuc
1133 1325 1183 1362 est
1209 1325 1377 1362 nobilius
1393 1352 1403 1361 .
1433 1326 1539 1362 nulla
1569 1341 1610 1364 e-

450 1384 536 1419 nim
551 1395 730 1432 umquam
747 1392 827 1418 tam
857 1383 992 1431 exigua
1022 1393 1156 1416 manus
1186 1390 1313 1416 tantas
1342 1393 1431 1430 opes
1447 1378 1610 1429 prostra-

448 1446 508 1472 vit
526 1462 534 1470 .

503 1486 574 1525 VI.
605 1487 726 1538 Cujus
743 1487 906 1524 viRoriae
923 1501 1000 1523 non
1014 1486 1182 1523 alienum
1195 1486 1370 1531 videtur,
1388 1486 1500 1536 quale
1515 1499 1610 1536 prae-

450 1544 571 1579 mium
589 1541 771 1578 Miltiadi
787 1541 830 1577 fit
847 1539 1032 1577 tributum
1050 1564 1062 1585 ,
1092 1541 1224 1577 docere
1244 1553 1254 1583 3
1285 1553 1359 1589 quo
1377 1539 1531 1576 facilius
1547 1542 1609 1576 in·

451 1595 584 1645 telligi
615 1595 722 1643 possit
739 1617 752 1639 ‚
782 1595 951 1631 eamdem
968 1597 1140 1630 omnium
1170 1595 1374 1630 civitatum
1393 1592 1464 1629 esse
1494 1605 1607 1629 natu—

449 1661 530 1686 ram
548 1676 556 1683 .
589 1647 646 1685 Ut
663 1647 795 1697 populi
812 1646 926 1684 nostri
956 1647 1115 1683 honores
1131 1647 1324 1697 quondam
1350 1645 1501 1683 fuerunt
1530 1648 1608 1682 rari

449 1702 487 1739 &
504 1712 636 1738 tenues
654 1724 667 1746 ,
684 1701 732 1738 ob
749 1715 906 1751 eamque
922 1700 1082 1738 caussam
1100 1699 1248 1750 gloriosi
1267 1723 1280 1744 ,
1292 1714 1390 1736 nunc
1405 1713 1531 1736 autem
1548 1697 1605 1735 ef-

447 1754 519 1793 fust
535 1766 649 1804 atque
664 1753 848 1791 obsoleti:
866 1754 912 1791 sic
926 1754 1019 1790 olim
1036 1754 1134 1802 apud
1151 1752 1406 1790 Athenienses
1422 1751 1531 1789 fuisse
1548 1766 1606 1788 re-

447 1811 617 1859 perimus
633 1833 643 1842 .
682 1808 860 1858 Namque
889 1808 977 1844 huic
1005 1807 1183 1844 Miltiadi
1203 1831 1215 1851 ,
1246 1809 1309 1856 qui
1336 1805 1515 1843 'Athenas
1543 1817 1606 1842 to—

448 1873 606 1912 tamque
620 1858 807 1898 Graeciam
824 1860 1005 1898 liberavit
1022 1885 1036 1906 ‚
1065 1861 1155 1898 talis
1173 1860 1290 1897 honos
1317 1860 1481 1896 tributus
1496 1857 1603 1895 estin

449 1917 598 1965 porticu
616 1928 693 1965 quae
711 1914 853 1952 Poecile
869 1926 1024 1952 vocatur
1041 1938 1053 1959 ,
1082 1927 1166 1950 cum
1197 1927 1320 1964 pugna
1337 1913 1603 1964 depingeretur

445 1968 697 2006 Marathonia
711 1992 724 2015 ,
740 1980 781 2006 ut
798 1971 838 2006 in
854 1967 981 2004 decem
999 1979 1196 2017 praetorum
1214 1980 1369 2003 numero
1385 1969 1504 2016 prima
1523 1967 1601 2015 ejus

447 2024 575 2076 imago
591 2033 794 2074 poneretur
809 2044 824 2071 2
851 2020 956 2074 isque
972 2021 1186 2060 hortaretur
1201 2021 1348 2060 milites
1365 2044 1379 2067 ‚
1406 2020 1604 2071 proeliumgg

1476 2086 1548 2123 que

1669 332 1674 365 ἰ
