1714 2719
269 157 315 194 T.
348 153 781 194 POMPONIUS
825 155 1169 195 ATTICUS.
1207 172 1275 204 115

159 239 258 276 dicis
276 236 396 275 caussa
417 236 512 273 datae
529 246 638 272 erant
664 247 683 270 a
702 232 940 279 consulibus,
957 235 1164 286 desperatis
1184 237 1292 273 rebus
1310 261 1323 280 ,

157 296 196 329 in
220 292 393 330 exsilium
425 287 777 340 proficiscerentur.
811 287 967 325 Atticus
986 313 998 331 ‚
1029 293 1092 340 qui
1119 295 1322 340 pecuniam

156 346 269 383 simul
287 358 373 383 cum
391 346 528 381 ceteris
545 341 717 379 conferre
736 341 911 378 noluerat
931 343 1080 380 florenti
1100 344 1158 379 illi
1192 349 1290 393 parti
1311 368 1324 389 ,

153 398 304 452 abjeEIo
321 398 455 443 Bruto,
471 395 664 447 Italiaque
682 396 862 440 cedenti,
893 394 1002 432 LLS.
1023 410 1176 434 centum
1195 398 1321 433 millia

155 455 304 491 muneri
323 450 423 489 misit
442 477 450 486 .
482 450 607 488 eidem
629 453 665 486 in
686 447 804 499 Epiro
822 473 835 493 ,
852 447 985 486 absens
1003 474 1016 493 ‚
1035 463 1202 487 trecenta
1219 452 1321 501 justit

151 508 261 544 dari.
292 504 433 556 Neque
449 518 494 541 eo
509 506 631 554 magis
665 505 817 553 potenti
835 502 1014 540 adulatus
1040 503 1089 541 est
1109 503 1286 542 Antonio
1306 527 1320 549 ,

152 572 276 610 neque
291 557 509 610 desperatos
527 559 684 608 reliquit
702 584 710 592 .

204 611 280 650 IX.
312 613 490 650 Secutum
507 611 557 649 est
577 612 721 649 bellum
738 609 881 662 gestum
898 611 997 662 apud
1017 611 1217 649 Mutinam
1236 640 1243 648 .
1275 610 1318 648 In

149 681 228 719 quo
245 667 267 704 si
286 679 438 704 tantum
457 680 541 703 cum
561 666 786 716 prudentem
804 665 930 702 dicam
949 689 962 710 ,
980 668 1106 703 minus
1123 680 1237 717 quam
1255 665 1321 702 dc-

151 722 261 759 boam
281 745 294 766 ,
324 721 522 771 praedicem
543 735 550 756 :
581 733 665 757 cum
685 719 753 755 ille
769 721 898 770 potius
928 719 1084 756 divinus
1116 719 1263 764 sucrit3
1294 718 1319 756 si

151 775 349 812 divinatio
365 774 596 825 appellanda
629 772 678 810 est
711 785 892 823 perpetua
914 774 1102 810 naturalis
1136 773 1288 811 bonitas
1306 796 1321 817 ‚

151 841 231 880 quae
248 828 370 864 nullis
388 827 530 865 casibus
560 839 721 878 augetur
738 850 750 871 ‚
782 840 904 877 neque
935 829 1126 863 minuitur
1143 855 1150 862 .
1184 825 1320 863 Hostis

149 881 351 919 Antonius
366 883 557 932 judicatus
575 879 688 917 Italia
706 879 878 917 cesserat:
896 879 976 930 spes
994 879 1216 917 restituendi
1234 880 1321 917 nul-

149 936 186 971 la
205 947 287 972 erat
304 962 313 970 .
345 949 421 971 non
441 933 562 971 solum
579 936 659 984 ejus
678 935 825 970 inimici
845 957 857 978 ,
875 937 940 983 qui
959 947 1040 970 tum
1058 946 1165 971 crant
1184 946 1320 984 poten-

148 987 281 1026 tissimi
299 1011 312 1033 ,
330 989 365 1024 &
383 989 569 1040 plurimi,
597 986 657 1024 sed
675 989 793 1024 etiam
811 989 958 1032 amici,
990 985 1222 1024 adversariis
1239 988 1319 1037 ejus

152 1040 190 1079 se
219 1041 364 1079 dabant
382 1067 395 1087 ‚
424 1043 460 1078 &c
477 1044 515 1078 in
534 1056 577 1079 eo
595 1041 765 1078 laedendo
783 1039 818 1077 se
847 1041 1017 1092 aliquam
1050 1038 1320 1078 consecuturos

151 1095 352 1146 sperabant
370 1096 714 1133 commoditatem:
745 1093 959 1131 familiares
988 1093 1286 1144 insequebantur
1304 1116 1319 1138 ,

148 1161 307 1186 uxorem
326 1148 505 1186 Fulviam
523 1148 701 1185 omnibus
719 1147 829 1185 rebus
847 1146 1011 1197 spoliare
1027 1148 1250 1198 cupiebant,
1269 1147 1319 1182 li-

150 1202 258 1239 beros
273 1205 390 1238 etiam
408 1201 646 1252 exstinguere
676 1201 863 1250 parabant
882 1228 890 1236 .
923 1201 1082 1238 Atticus
1101 1226 1114 1245 ,
1144 1215 1230 1238 cum
1247 1199 1319 1237 Ci-

147 1257 296 1292 ceronis
312 1258 450 1291 intima
468 1253 743 1291 familiaritate
769 1265 969 1298 uteretur,
999 1254 1245 1291 amiciffimus
1262 1252 1320 1290 es-

147 1307 202 1346 set
221 1308 367 1354 Bruto,
398 1323 473 1346 non
508 1309 623 1345 modo
640 1306 740 1344 nihil
773 1310 819 1344 iis
846 1307 1002 1345 indulsit
1031 1308 1078 1345 ad
1098 1307 1320 1346 Antonium

148 1362 394 1408 violandum,
412 1361 472 1399 sed
490 1377 510 1400 e
525 1363 719 1400 contrario
735 1359 949 1398 familiares
967 1363 1046 1412 ejus
1062 1376 1107 1400 ex
1127 1363 1216 1400 urbe
1234 1376 1320 1412 pro-

147 1414 342 1468 fugientes
360 1440 373 1462 ,
403 1428 587 1467 quantum
606 1418 733 1466 potuit
751 1439 764 1460 ,
782 1419 906 1452 texit:
935 1416 1072 1466 quibus
1091 1416 1199 1453 rebus
1218 1418 1319 1452 indi-

146 1482 310 1523 guerunt
328 1494 342 1517 ,
369 1471 520 1521 adjuvit
537 1497 546 1505 .
577 1469 617 1507 P.
637 1483 728 1506 vero
753 1468 969 1507 Volumnio
999 1483 1039 1507 ea
1071 1470 1209 1507 tribuit
1227 1493 1240 1515 ‚
1274 1480 1318 1505 ut

179 1524 259 1561 lura
289 1537 309 1560 a
328 1536 488 1574 parente
515 1522 703 1575 proficisci
734 1538 808 1560 non
832 1527 1029 1575 potuerint
1047 1551 1055 1559 .
1096 1523 1167 1575 Ipsi
1185 1536 1317 1560 autem

146 1538 294 1615 {ulviae
311 1601 324 1623 ,
354 1593 439 1615 cum
458 1578 592 1616 litibus
607 1576 851 1615 distineretur
866 1602 878 1623 ,
909 1577 1134 1630 magnisque
1160 1579 1317 1614 terrori-

147 1631 217 1668 bus
235 1644 452 1677 vexaretur,
469 1644 577 1669 tanta
594 1631 798 1683 diligentia
818 1633 983 1669 officium
1002 1631 1108 1671 suum
1125 1630 1318 1682 praestitit,

146 1697 189 1723 ut
206 1685 358 1722 nullum
376 1686 444 1723 illa
464 1685 603 1723 stiterit
621 1687 886 1723 vadimonium
909 1686 984 1723 sine
1001 1685 1140 1723 Attico
1160 1699 1172 1730 ς
1203 1684 1316 1734 spon-

146 1738 207 1776 sor
223 1742 396 1784 omnium
414 1754 537 1777 rerum
556 1739 671 1778 fuerit
690 1767 698 1775 .
729 1742 837 1794 Quin
856 1743 976 1777 etiam
994 1764 1007 1785 ,
1037 1754 1122 1777 cum
1142 1739 1208 1776 illa
1228 1737 1318 1775 fun-

146 1794 238 1830 dum
257 1792 415 1831 secunda
435 1793 589 1831 fortuna
608 1792 754 1832 emisset
772 1796 811 1830 in
830 1794 931 1832 diem
946 1818 958 1840 ‚
976 1807 1099 1845 neque
1115 1791 1196 1844 post
1213 1792 1318 1829 cala-

145 1849 324 1884 mitatem
342 1847 530 1885 versuram
550 1847 674 1886 facere
689 1846 870 1898 potuisset
889 1862 901 1893 3
922 1848 992 1886 ille
1009 1847 1044 1885 se
1061 1845 1290 1898 interposuit
1302 1867 1316 1889 ‚

145 1903 424 1953 pecuniamque
440 1902 516 1940 fine
531 1901 692 1948 foenore,
704 1902 856 1953 sineque
870 1902 951 1939 ulla
970 1900 1220 1952 stipulatione
1234 1913 1318 1937 cre-

143 1954 247 1992 didit
265 1978 278 2000 ,
304 1959 520 1993 maximum
536 1955 761 1994 existimans
777 1955 954 2008 quaestum
974 1981 987 2001 ,
1004 1969 1212 1993 memorem
1229 1966 1317 2005 gra-

143 2019 303 2060 tumque
317 2009 495 2061 cognosci
513 2035 526 2057 ,
556 2010 741 2062 simulque
755 2013 904 2061 aperire
919 2035 933 2057 ,
963 2009 1000 2047 se
1015 2024 1093 2047 non
1122 2008 1284 2047 fortuna·
1301 2027 1316 2050 ‚

148 2060 210 2099 sed
227 2062 449 2103 hominibus
466 2063 586 2104 solere
602 2064 676 2103 effe
691 2067 858 2103 amicum
877 2092 886 2099 .
917 2078 996 2116 quae
1012 2077 1098 2104 cum
1114 2062 1283 2101 faciebat
1299 2084 1315 2107 ‚

844 2116 887 2153 H
944 2130 965 2156 2
1197 2131 1266 2154 ne-
1280 2129 1287 2136 ¹
