1714 2719
341 151 1075 206 HANNlssAL.XX11.
1189 167 1234 199 99

311 282 1111 352 HANNIBAL.

621 422 798 462 XXII.

148 580 156 589 .
188 549 554 641 HANNIBAL
585 549 825 587 Hamilcaris
850 549 954 588 filius
981 551 1281 602 Carthaginien-

326 605 369 642 sis
388 632 395 640 .
427 606 464 642 si
483 619 613 642 verum
643 603 693 642 cst
712 627 724 648 ,
755 604 854 654 quod
886 619 998 642 nemo
1024 605 1175 642 dubitat
1194 629 1206 650 ‚
1237 618 1279 642 ut

124 659 286 710 populus
306 657 509 696 Romanus
525 672 656 695 omnes
671 669 801 709 gentes
819 660 961 696 virtute
981 658 1184 709 superarit3
1203 673 1279 695 non

125 713 176 750 est
195 712 442 750 inficiandum
461 736 473 754 s
504 709 769 748 Hannibalem
787 723 896 748 tanto
913 711 1121 762 proestitiffe
1137 725 1283 750 ceteros

127 769 372 816 imperatores
388 766 586 816 prudentia
606 789 618 809 ,
649 776 793 814 quanto
814 767 977 814 populus
996 765 1200 804 Romanus
1217 779 1285 802 an-

126 820 276 857 tecedat
305 818 533 856 fortitudine
563 818 715 855 cunelas
747 821 920 856 nationes
937 847 946 854 .
977 819 1080 857 Nam
1116 819 1286 870 quoties-

124 886 285 923 cumque
301 886 384 909 cum
401 886 444 908 eo
460 871 672 921 congrclsus
690 870 739 907 cst
758 874 796 907 in
814 869 928 908 Italia
948 895 961 917 ‚
989 872 1134 923 semper
1149 871 1286 910 disces-

125 926 168 963 sit
202 925 389 975 superior.
422 925 534 987 Qod
554 924 621 961 nifi
639 925 743 961 domi
776 927 921 960 civium
953 923 1103 963 suorum
1135 926 1283 962 invidia

124 979 350 1016 debilitatus
367 976 455 1015 elset
474 1003 486 1021 ‚
518 976 721 1014 Romanos
739 977 891 1014 videtur
908 977 1079 1028 superare
1095 977 1281 1029 potuiffe.

125 1031 185 1070 sed
203 1032 410 1068 multorum
429 1030 655 1068 obtrestatio
672 1031 814 1068 devicit
832 1034 943 1067 unius
961 1035 1144 1069 virtutem
1164 1059 1172 1067 .
1203 1029 1285 1068 Hic

126 1099 252 1124 antem
272 1086 376 1121 velut
394 1085 603 1122 hereditate
621 1084 794 1122 reliRum
816 1085 946 1121 odium
966 1098 1164 1135 paternum
1195 1098 1282 1135 erga

130 1140 330 1178 Romanos
350 1138 394 1175 sic
411 1138 656 1175 confirmavit
674 1161 687 1183 ,
718 1150 757 1174 ut
775 1140 877 1187 prius
895 1140 1063 1174 animam
1081 1151 1194 1188 quam
1215 1140 1250 1175 id
1269 1162 1284 1183 ,

125 1192 338 1242 deposuerit
355 1219 363 1226 .
394 1194 458 1242 qui
476 1192 629 1242 quidem
659 1205 744 1228 cum
779 1193 901 1239 patria
933 1191 1061 1241 pulsus
1092 1191 1183 1229 esset
1201 1216 1213 1236 ι,
1244 1192 1281 1227 ὃ(

126 1247 336 1283 alienarum
355 1258 468 1294 opum
489 1245 675 1294 indigeret
689 1267 700 1289 ,
720 1257 929 1294 numquam
947 1243 1135 1282 destiterit
1152 1247 1282 1286 animo

127 1299 268 1337 bellare
284 1311 367 1334 cum
387 1296 580 1334 Romanis
598 1324 606 1332 .

178 1350 227 1388 II.
259 1351 360 1388 Nam
379 1374 392 1395 ,
410 1363 450 1387 ut
467 1354 644 1388 omittam
661 1349 884 1401 Philippum
901 1375 914 1395 ‚
944 1365 1054 1403 quem
1071 1351 1203 1389 absens
1219 1352 1288 1388 ho-

127 1405 215 1444 stem
234 1405 398 1442 reddidit
430 1403 651 1449 Romanis,
682 1407 851 1441 omnium
870 1404 928 1442 his
959 1406 1193 1456 temporibus
1218 1419 1286 1455 po-

126 1458 352 1498 tentiffimus
370 1470 431 1494 rex
451 1456 667 1495 Antiochus
684 1457 758 1494 fuit
777 1485 784 1492 .
814 1455 931 1495 Hunc
948 1470 1055 1496 tanta
1073 1460 1286 1509 cupiditate

128 1512 295 1550 incendit
315 1511 514 1557 bellandi,
533 1523 573 1548 ut
591 1511 705 1562 usque
721 1524 739 1547 a
758 1511 869 1548 rubro
884 1515 981 1548 mari
1003 1526 1105 1549 arma
1124 1525 1282 1552 conatus

127 1567 169 1604 sit
188 1564 324 1603 inferre
340 1564 461 1601 Italia:
480 1592 486 1599 .
520 1565 584 1601 Ad
601 1579 712 1616 quem
730 1578 813 1602 cum
841 1565 958 1615 legati
977 1566 1164 1603 venissent
1197 1564 1284 1602 Ro-

127 1623 229 1658 mani
247 1643 259 1664 ,
289 1619 415 1669 quide
445 1620 523 1669 ejus
543 1619 743 1655 voluntate
768 1619 1011 1667 explorarent
1034 1643 1048 1664 ‚
1076 1621 1285 1668 darentque

127 1687 278 1724 operam
295 1672 464 1710 consiliis
479 1671 723 1709 clandestinis
739 1684 780 1708 ut
812 1670 1077 1709 Hannibalern
1098 1676 1136 1709 in
1163 1671 1284 1721 suspi-

128 1731 275 1765 cionem
292 1728 369 1777 regi
384 1726 615 1763 adducerent
633 1751 645 1771 ,
662 1738 859 1777 tamquam
877 1725 924 1762 ab
943 1725 1028 1776 ipsis
1045 1738 1284 1778 corruptum,

128 1782 204 1817 alia
221 1793 335 1831 atque
350 1791 460 1816 antea
480 1778 642 1824 sentire5
660 1793 780 1830 neque
797 1780 836 1816 id
852 1778 987 1816 frustra
1004 1778 1178 1816 fecissent
1196 1793 1207 1824 3
1228 1779 1288 1815 id-

129 1848 202 1884 que
219 1831 419 1870 Hannibal
437 1832 675 1884 comperisset
695 1856 707 1878 ,
737 1832 848 1884 seque
863 1832 910 1870 ab
936 1832 1181 1870 interioribus
1197 1846 1289 1869 con-

130 1888 223 1924 siliis
240 1886 423 1938 segregari
441 1887 593 1924 vidisset
613 1900 625 1930 ς
653 1897 822 1936 tempore
838 1887 929 1923 dato
945 1887 1041 1923 adiit
1060 1899 1184 1938 regem
1203 1910 1215 1931 ,
1233 1888 1288 1925 ei-

128 1954 201 1992 que
217 1955 300 1978 curn
318 1940 438 1978 multa
458 1941 503 1977 de
522 1939 593 1977 fide
611 1939 670 1976 sua
691 1964 703 1985 ‚
733 1941 768 1977 &
784 1940 872 1977 odio
890 1942 929 1976 in
951 1939 1152 1977 Romanos
1183 1952 1290 1975 com-

128 1994 367 2032 memoraffet
385 2018 397 2038 ,
428 1994 497 2031 hoc
513 1993 690 2044 adjunxit
710 2009 716 2029 :
750 1996 859 2030 Pater
877 2018 890 2037 ,
909 1996 1034 2043 inquit
1053 2017 1065 2038 ‚
1093 2005 1185 2028 meus
1204 1997 1290 2028 Ha-

131 2047 250 2084 nnlsar
266 2071 280 2093 ,
303 2045 447 2096 puerulo
462 2060 512 2082 me
529 2071 541 2092 ‚
571 2056 690 2095 utpote
703 2060 771 2082 non
786 2045 935 2093 amplius
955 2059 1073 2082 novem
1087 2059 1196 2082 annos
1225 2058 1292 2082 na-

811 2098 850 2138 G
910 2111 929 2136 2
1155 2110 1222 2144 to,
