1714 2719
516 168 560 214 38
670 165 1043 204 CORNELII
1099 164 1413 204 NEPOTIS

459 246 598 298 proelio
615 246 754 282 cecidit
768 245 914 283 Critias
932 270 944 291 ,
975 246 1050 282 dux
1067 257 1316 292 tyrannorum
1335 269 1348 291 5
1365 259 1449 283 cum
1466 248 1620 298 quidem

460 298 640 337 adversus
661 297 943 346 Thrasybulum
961 297 1157 335 fortiffime
1173 310 1357 349 pugnaret
1374 325 1382 333 .

513 351 584 389 III.
616 350 704 389 Hoc
720 351 865 403 dejefio
881 351 1086 389 Pausanias
1104 356 1209 389 venit
1227 351 1375 389 Atticis
1390 352 1619 399 auxilio,rex

459 406 833 444 Lacedaemoniorum
851 433 858 440 .
888 404 925 443 Is
956 408 1055 441 inter
1073 404 1354 453 Thrasybulum
1373 428 1385 450 ,
1416 406 1451 441 ὅ(
1468 410 1622 457 εοέψιί

457 460 589 496 urbem
607 459 804 504 tenebant,
823 458 912 495 fecit
929 472 1058 508 pacem
1077 458 1133 495 his
1150 458 1452 504 conditionibus,
1468 463 1527 495 Ne
1541 463 1621 507 qui,

455 523 579 560 praeter
608 515 761 559 triginta
791 522 956 557 tyrannos
990 535 1002 556 ‚
1031 512 1074 552 (ς’
1103 509 1212 547 decem
1239 514 1302 558 qm·
1326 511 1440 559 postea
1457 521 1622 560 praetores

458 569 572 603 creati
589 591 601 611 ,
621 565 813 615 superioris
829 578 918 600 more
931 562 1162 600 crudelitatis
1179 575 1280 600 erant
1296 565 1352 610 uſs
1362 589 1375 609 ,
1402 563 1621 612 afficerentur

457 619 574 665 emglilio
591 643 603 664 ,
632 632 714 654 neve
726 617 813 653 bona
826 616 1090 665 publicarentur
1109 631 1121 652 .·
1142 617 1335 666 reipublicae
1344 621 1549 666 procuratio
1559 628 1624 666 po·

452 672 537 722 pulo
566 671 763 708 redderetur
779 698 788 706 .
819 670 1043 708 Praeclarum
1074 670 1144 708 hoc
1173 685 1323 722 quoque
1355 670 1587 721 Thrasybuli
1606 687 1620 719 ;
1680 669 1683 676 ⁴

458 726 560 777 quod
581 724 827 762 reconciliata
846 737 936 774 pace
952 747 965 769 3
981 737 1064 760 cum
1083 724 1290 773 plurimum
1308 726 1345 761 in
1362 727 1521 762 civitate
1537 726 1624 776 pos-

458 779 514 817 set
531 803 544 824 ,
562 779 683 829 legem
700 778 792 814 tulit
804 801 816 823 ,
833 782 893 813 Ne
907 779 986 823 quis
1001 776 1247 813 anteafiarum
1261 789 1372 812 rerum
1385 778 1623 826 accusaretur,

459 845 542 868 neve
572 830 786 867 multaretur
803 843 817 866 .·
845 843 1004 881 eamque
1021 830 1083 866 illi
1104 829 1202 877 legem
1230 829 1418 866 oblivionis
1448 833 1622 882 appella·
1678 864 1682 881 v,

461 897 550 923 runt
569 912 576 920 .
608 883 745 934 Neque
763 898 852 921 vero
868 883 966 920 hanc
981 895 1133 920 tantum
1151 882 1344 920 ferendam
1361 888 1512 922 curavit
1529 910 1542 931 3
1559 885 1622 924 sed
1678 901 1681 926 ε

459 942 579 976 etiam
611 950 652 974 ut
671 938 815 974 valeret
833 961 846 982 ‚
876 937 999 974 effecit
1016 963 1025 972 .
1056 935 1160 973 Nam
1192 942 1277 974 c'um
1314 937 1469 987 quidam
1494 952 1539 976 ex
1570 942 1619 977 iis

460 995 525 1042 qui
544 990 650 1027 simul
669 1004 752 1027 curn
770 1005 813 1027 eo
831 993 867 1026 in
899 989 1031 1026 exsilio
1048 988 1198 1026 fueraut
1215 1013 1227 1035 ,
1256 991 1391 1027 caedem
1417 989 1539 1029 facere
1554 1006 1619 1030 eo-

455 1059 540 1082 rum
558 1044 705 1081 vellent
722 1057 806 1080 cum
826 1043 961 1093 quibus
979 1045 1016 1078 in
1034 1046 1195 1092 gratiam
1218 1044 1381 1080 reditum
1409 1056 1489 1081 erat
1506 1068 1518 1089 ‚
1548 1058 1620 1095 pu-

459 1098 560 1136 blice
577 1095 770 1148 prohibuit
788 1111 795 1133 z
827 1098 861 1132 3<
877 1096 915 1132 id
945 1097 1043 1146 quod
1071 1095 1266 1145 pollicitus
1283 1107 1362 1133 erat
1379 1118 1393 1141 ,
1421 1096 1590 1147 praestitit
1609 1123 1619 1134 .

510 1149 581 1187 IV.
614 1148 720 1186 Huic
736 1162 802 1199 pro
818 1152 938 1186 tantis
967 1151 1116 1185 meritis
1132 1149 1287 1186 honoris
1307 1163 1443 1186 corona
1462 1164 1482 1186 a
1500 1163 1621 1201 popu·
1676 1154 1679 1168 ³

458 1205 501 1242 lo
517 1205 604 1241 data
622 1202 673 1240 est
690 1226 703 1248 ,
733 1202 831 1239 faela
863 1217 882 1239 e
899 1202 1042 1239 duabus
1072 1202 1233 1252 virgulis
1265 1202 1452 1253 oleaginis
1471 1218 1478 1239 :
1508 1217 1586 1254 quae
1603 1228 1619 1250 ‚

461 1258 562 1309 quod
581 1270 686 1293 amor
702 1258 844 1293 civium
864 1278 876 1301 5
906 1269 981 1292 non
1013 1256 1070 1292 vis
1101 1254 1328 1304 expresserat
1347 1279 1360 1300 ,
1388 1255 1536 1293 nullam
1554 1257 1621 1294 ha·
1676 1256 1678 1258 ’

459 1311 543 1349 buit
561 1311 749 1346 invidiam
773 1332 786 1354 ,
814 1322 1028 1360 magnaque
1044 1308 1119 1345 fuit
1135 1308 1255 1359 gloria
1273 1335 1281 1344 .
1312 1308 1414 1345 Bene
1429 1323 1518 1360 ergo
1536 1309 1622 1348 Pit·
1674 1331 1678 1354 t
1694 1319 1702 1342 θ

460 1377 569 1401 tacus
588 1363 656 1399 ille
672 1364 737 1413 qui
767 1361 909 1412 septem
941 1361 1154 1412 sapientum
1184 1375 1340 1399 numero
1369 1360 1419 1399 est
1435 1362 1588 1401 habitus
1605 1386 1620 1410 ,

462 1431 550 1455 cum
567 1419 602 1454 ei
632 1416 851 1464 Nlitylenaei
868 1416 991 1452 multa
1021 1415 1147 1453 millia
1166 1416 1341 1465 jugerum
1357 1418 1438 1466 agri
1468 1419 1620 1457 muneri,

461 1472 595 1508 darent
627 1493 639 1514 ,
669 1468 796 1505 Nolite
813 1492 826 1513 ,
857 1481 931 1517 rogo
974 1480 1036 1504 vos
1054 1491 1066 1513 ,
1100 1470 1225 1518 inquit
1255 1492 1268 1514 3
1297 1466 1384 1504 mibi
1407 1469 1489 1505 dare
1529 1468 1623 1517 quod

457 1522 565 1561 multi
581 1521 769 1558 invideant
785 1546 797 1567 ,
809 1521 926 1570 plures
941 1523 1051 1557 etiam
1064 1521 1306 1571 concupiscant
1317 1549 1326 1558 .
1357 1524 1474 1575 Qare
1486 1536 1528 1560 ex
1541 1523 1620 1570 istis

457 1575 534 1614 nolo
548 1574 699 1625 amplius
716 1589 819 1624 quam
833 1586 971 1611 centum
979 1576 1103 1623 jugera
1120 1599 1133 1621 ,
1162 1589 1238 1622 quae
1253 1575 1296 1617 (ς’
1323 1588 1431 1612 meam
1443 1579 1558 1613 animi
1572 1590 1620 1614 a·

455 1630 696 1678 quitatem,&
710 1629 856 1676 vestram
866 1628 1085 1665 voluntatem
1102 1627 1260 1665 indicent
1276 1657 1284 1663 .
1303 1634 1402 1665 Nam
1411 1638 1527 1678 parva
1540 1643 1621 1666 mu·
1672 1628 1674 1633 ’

454 1696 538 1721 nera
554 1707 567 1729 ‚
595 1681 742 1719 diutina
759 1697 766 1719 ε
796 1680 983 1730 locupletia
999 1706 1011 1727 ,
1040 1695 1108 1716 non
1117 1685 1257 1731 propria
1270 1682 1332 1730 effe
1346 1683 1592 1732 consueverunt
1607 1710 1618 1720 .

456 1737 535 1774 Illa
557 1739 673 1788 igitur
689 1750 824 1773 corona
855 1748 1058 1773 contentus
1078 1735 1338 1785 Thrasybulus
1355 1760 1368 1781 ,
1397 1751 1519 1788 neque
1534 1750 1630 1774 am-v

456 1791 562 1842 plius
581 1789 775 1839 requisivit
792 1813 805 1835 ,
835 1803 955 1840 neque
972 1803 1198 1840 quemquam
1231 1791 1372 1827 honore
1398 1789 1433 1828 se
1449 1789 1620 1828 anteces-

457 1843 538 1882 fiffe
568 1841 827 1880 existimavit.
860 1841 940 1879 Hic
971 1841 1141 1892 sequenti
1171 1856 1339 1893 tempore
1369 1858 1453 1880 cum
1485 1856 1618 1894 praetor

458 1896 611 1935 classem
628 1897 675 1932 ad
691 1895 872 1933 Ciliciam
891 1896 1094 1946 appuliffct
1112 1920 1124 1941 ,
1154 1911 1275 1948 neque
1304 1895 1394 1934 satis
1411 1898 1617 1949 diligenter

458 1953 500 1988 in
517 1948 643 1987 castris
659 1951 737 1999 ejus
766 1961 968 2001 agerentur
986 1949 1124 2000 vigiliae
1142 1975 1154 1996 ,
1184 1965 1203 1987 a
1222 1949 1388 1988 barbaris
1413 1965 1458 1988 cx
1475 1951 1618 2001 oppido

457 2003 571 2042 noCm
587 2005 787 2054 empcione
815 2002 913 2042 fausta
931 2026 945 2051 ‚
975 2006 1014 2040 in
1031 2003 1278 2044 tabernaculo
1297 2003 1519 2043 interfeRus
1535 2003 1585 2042 est
1603 2029 1617 2040 .
1668 2007 1671 2026 ἱ

1461 2109 1568 2149 CO·
