1714 2719
476 140 545 175 108

511 268 609 331 M.
655 266 1102 335 PORCIUS
1150 269 1472 337 CATO,

915 417 945 446 F.
1028 415 1068 446 X

604 518 875 571 LIBRO
948 518 1379 574 SECUNDO

454 652 990 717 CORNELII
1035 654 1528 722 NEPOTIS.

665 793 780 831 ATO
809 806 912 832 ortus
955 797 1167 845 municipio
1197 795 1364 834 Tusculo
1395 821 1406 844 ‚
1443 799 1574 836 adole·

692 846 883 885 scentulus
922 847 1139 899 priusquam
1177 849 1383 887 honoribus
1417 865 1570 901 operam

690 901 797 938 daret
815 925 827 946 ,
858 901 1025 938 versatus
1055 901 1161 939 estin
1191 903 1340 940 Sabinis
1358 927 1371 948 ‚
1400 905 1499 954 quod
1517 905 1569 941 ibi

691 954 885 991 heredium
901 968 919 990 a
938 966 1045 1004 patre
1062 955 1236 992 reli&urn
1253 956 1416 993 habebat
1428 989 1436 996 .
1466 955 1573 993 Hor-

690 1020 772 1043 tatu
791 1007 836 1043 L.
856 1006 1004 1044 Valerii
1019 1007 1146 1045 Flacci
1164 1032 1176 1052 ,
1194 1023 1303 1058 quem
1322 1012 1358 1045 in
1376 1009 1572 1047 consulatu

406 1059 641 1109 censuraque
657 1060 789 1096 habuit
807 1060 994 1112 collegam
1013 1084 1025 1106 ,
1051 1073 1091 1096 ut
1109 1061 1168 1096 M.
1188 1061 1374 1111 Perperna
1391 1062 1571 1099 Censori-

405 1126 475 1149 nus
492 1126 643 1149 narrare
662 1112 797 1149 solitus
828 1112 878 1149 est
897 1137 909 1157 ,
941 1112 1112 1150 Romam
1129 1114 1363 1164 demigravit
1381 1129 1388 1150 :
1421 1118 1458 1150 iu
1487 1114 1569 1152 foro

405 1165 478 1202 effe
511 1168 625 1215 coepit
644 1192 652 1200 .
683 1165 855 1202 Primum
887 1165 1114 1216 stipendium
1132 1169 1271 1203 meruit
1301 1180 1483 1204 annorum
1503 1169 1568 1204 de-

406 1233 486 1256 cem
504 1218 722 1268 septemque
741 1246 748 1252 .
768 1217 958 1277 QFabio
974 1219 1154 1255 Maximo
1168 1244 1179 1263 ‚
1199 1219 1258 1260 M,
1274 1219 1441 1257 Claudio
1459 1220 1571 1257 Mar-

406 1272 506 1309 cello
522 1272 630 1308 Coss.
649 1296 662 1316 ·‚
693 1273 866 1308 tribunus
884 1273 1053 1308 militum
1077 1276 1115 1308 in
1134 1273 1262 1308 Sicilia
1285 1271 1358 1309 fuit
1377 1301 1386 1309 .
1417 1271 1509 1310 Inde
1525 1287 1567 1310 ut

406 1326 521 1362 rediit
539 1349 551 1370 ‚
581 1323 696 1361 castra
716 1324 862 1362 secutus
881 1324 930 1361 est
946 1325 992 1362 C.
1010 1325 1168 1361 Claudii
1197 1324 1363 1363 Neronis
1385 1341 1392 1362 :
1421 1329 1572 1378 magni-

405 1393 477 1429 que
494 1391 605 1428 opera
623 1379 701 1427 ejus
719 1378 898 1414 aestimata
916 1378 965 1414 est
983 1381 1022 1414 in
1040 1378 1175 1428 proelio
1194 1379 1293 1428 apud
1311 1379 1444 1416 Senam
1457 1404 1469 1424 ,
1497 1394 1570 1430 quo

405 1433 543 1469 cecidit
561 1430 779 1468 Hasdrubal
797 1455 810 1476 ,
840 1430 958 1468 frater
984 1430 1222 1468 Hannibalis
1243 1458 1251 1466 .
1283 1431 1452 1483 Quaestor
1468 1433 1570 1470 obti-

405 1488 462 1537 git
479 1484 519 1521 P.
542 1484 726 1521 Cornelio
746 1486 915 1534 Scipioni
931 1483 1121 1521 Africano
1140 1509 1152 1530 ,
1181 1483 1328 1522 consuli
1347 1501 1354 1522 :
1385 1500 1469 1523 cum
1495 1500 1569 1537 quo

406 1553 483 1576 non
502 1551 570 1588 pro
588 1537 699 1574 sortis
730 1537 1000 1575 neceffitudine
1017 1541 1115 1574 vixit
1135 1565 1143 1573 .
1175 1552 1338 1589 namque
1364 1539 1410 1575 ab
1427 1554 1469 1576 eo
1486 1553 1572 1589 per-

406 1604 520 1642 petua
539 1591 705 1627 dissensit
722 1594 802 1628 vita
821 1618 829 1626 .
863 1588 1016 1627 AEdilis
1046 1590 1169 1640 plebis
1186 1590 1307 1628 faiius
1337 1591 1388 1628 est
1419 1607 1502 1629 cum
1519 1592 1567 1629 C.

406 1644 557 1682 Helvio
578 1672 586 1679 .
618 1644 757 1681 Praetor
787 1647 1026 1697 provinciam
1044 1644 1213 1681 obtinuit
1247 1646 1459 1682 Sardiniam
1479 1669 1492 1691 ,
1525 1659 1569 1682 ex

407 1713 480 1749 qua
502 1696 655 1748 quaestor
671 1697 858 1748 superiore
874 1709 1043 1748 tempore
1060 1710 1103 1734 ex
1122 1696 1255 1734 Africa
1274 1699 1456 1735 decedens
1473 1722 1486 1744 ‚
1518 1701 1579 1760 Q

406 1752 579 1788 Ennium
598 1757 750 1801 poetam
771 1752 979 1788 deduxerat
1000 1766 1006 1787 :
1026 1751 1125 1801 quod
1144 1765 1220 1787 non
1236 1753 1396 1788 minoris
1411 1751 1571 1788 aestima-

408 1819 492 1842 mus
506 1819 618 1855 quam
632 1804 843 1855 quemlibet
861 1803 1130 1854 amplissimum
1147 1804 1426 1842 Sardiniensem
1439 1807 1570 1842 trium-

406 1860 523 1912 phum
541 1885 550 1893 .

459 1910 509 1948 II.
539 1910 793 1948 Consulatum
809 1911 913 1961 geffit
943 1925 1026 1948 cum
1045 1910 1090 1948 L.
1110 1909 1269 1948 Valerio
1301 1909 1436 1949 Flacco
1453 1935 1466 1956 ,
1494 1911 1568 1948 sor-

410 1978 448 2002 te
478 1967 718 2015 provinciam
747 1965 878 2002 naCms
909 1962 1140 2015 Hispaniam
1170 1967 1386 2002 citeriorem
1406 1989 1418 2010 ‚
1448 1978 1566 2014 exque

407 2033 448 2056 ea
476 2019 710 2069 triumphum
743 2019 961 2068 deportavit
980 2046 986 2052 .
1032 2016 1091 2054 Ibi
1116 2031 1200 2056 cum
1230 2018 1373 2056 diutius
1403 2031 1566 2054 morare-

1422 2084 1482 2108 tur
1499 2095 1512 2113 ,
