1714 2719
506 126 556 157 42
663 111 1033 152 CORNELII
1088 114 1402 155 NEPOTIS

451 192 621 244 effugisse
650 194 816 244 scripsit.
860 192 964 231 Illud
994 195 1193 233 addubitat
1224 221 1238 243 ,
1266 210 1396 235 utrum
1427 195 1610 239 Tiribazo

454 245 594 284 sciente
610 271 624 293 ,
653 262 701 286 an
717 248 957 298 imprudente
980 248 1022 286 sit
1043 247 1185 288 fastum
1202 277 1212 285 .
1453 250 1461 254 '

759 376 1286 443 DION.

1003 516 1058 554 X.

453 620 483 659 I.
518 621 719 712 DION
747 620 963 675 Hipparini
980 623 1082 661 filius
1100 623 1352 672 Syracusanus
1369 648 1382 670 ‚
1408 625 1530 663 nobili
1545 642 1610 679 ge-

648 689 735 712 nere
762 688 874 713 natus
906 700 919 721 ,
959 689 1117 727 utraque
1155 677 1377 726 implicatus
1406 683 1612 727 tyrannide

449 725 725 778 Dionysiorum
742 755 751 763 .
774 742 939 780 namque
955 731 1024 767 ille
1039 729 1206 779 superior
1221 728 1510 769 Aristomachen
1523 756 1536 778 ,
1554 733 1614 771 so-

450 794 573 819 rorem
596 781 740 818 Dionis
757 804 770 827 ,
798 782 933 819 habuit
950 785 988 820 in
1004 785 1255 820 matrimonio
1272 806 1284 828 ,
1304 796 1349 820 ex
1366 797 1438 834 qua
1455 785 1548 823 duos
1563 786 1611 824 fi-

448 833 523 872 lios
542 833 805 886 Hipparinum
823 859 835 880 ,
852 837 889 872 &
904 835 1085 885 Nysaeum
1101 839 1314 887 procreavit
1331 859 1344 882 ,
1373 838 1614 890 totidemque

448 886 552 925 filias
570 912 582 934 ,
601 888 862 938 Sophrosynen
882 913 895 935 ,
912 890 947 925 ὅ(
964 888 1113 927 Areten
1130 916 1138 923 .
1158 903 1314 940 quarum
1330 893 1491 939 priorem
1509 891 1614 930 Dio-

446 941 554 990 nysio
573 941 655 979 filio
674 965 687 986 ,
717 942 838 979 eidem
855 945 915 980 cui
932 957 1087 994 regnum
1104 943 1261 993 reliquit
1278 966 1291 988 ,
1308 955 1469 993 nuptum
1485 945 1608 992 dedit,

444 995 608 1031 alteram
625 996 772 1032 Areten
803 994 927 1033 Dioni
945 1023 952 1031 .
984 995 1092 1033 Dion
1122 1008 1249 1033 autem
1279 1009 1411 1045 praeter
1438 998 1608 1036 nobilem

445 1051 795 1098 propinquitatem,
813 1048 1107 1100 generosamque
1124 1051 1313 1099 majorum
1331 1048 1490 1095 famam,
1507 1053 1609 1088 mul-

446 1113 485 1137 ta
502 1100 579 1138 alia
595 1101 642 1138 ab
659 1114 793 1138 natura
812 1103 944 1139 habuit
956 1102 1059 1139 bona
1080 1117 1087 1139 :
1119 1104 1156 1139 in
1177 1102 1236 1139 his
1253 1105 1449 1153 ingenium
1466 1104 1608 1152 docile,
1653 1133 1659 1137 .

444 1168 552 1191 come
569 1177 582 1199 ,
610 1167 743 1204 aptum
759 1155 807 1192 ad
822 1168 923 1193 artes
939 1158 1104 1205 optimas
1122 1171 1129 1192 τ
1159 1169 1337 1206 magnam
1365 1159 1532 1206 corporis
1549 1158 1609 1194 di-

445 1210 636 1259 gnitatem
655 1232 667 1253 ,
698 1222 777 1258 quae
807 1223 883 1246 non
916 1212 1118 1245 minimum
1149 1210 1420 1246 commendat:
1449 1223 1608 1261 magnas

443 1272 620 1312 praeterea
652 1262 851 1299 divitiasa
869 1274 975 1312 patre
1004 1261 1155 1299 reliehs
1173 1286 1186 1307 ,
1217 1276 1309 1313 quas
1345 1261 1423 1312 ipse
1452 1266 1609 1312 tyranni

443 1314 664 1352 muneribus
678 1327 835 1352 auxerat
852 1342 861 1351 .
891 1314 987 1352 Erat
1005 1317 1164 1352 intimus
1181 1314 1371 1364 Dionysio
1387 1318 1522 1366 priori,
1542 1331 1609 1356 ne-

446 1382 520 1418 que
537 1371 663 1404 minus
693 1381 846 1419 propter
873 1383 996 1406 mores
1012 1382 1126 1419 quam
1154 1369 1382 1406 affinitatem
1402 1395 1412 1403 .
1441 1384 1606 1421 namque

444 1420 512 1458 etsi
529 1420 709 1470 Dionysii
741 1422 946 1459 crudelitas
970 1424 1003 1459 ei
1021 1421 1248 1472 displicebat
1265 1445 1278 1468 ‚
1309 1434 1436 1459 tamen
1454 1422 1620 1461 salvum*

444 1474 559 1511 illum
591 1487 746 1524 propter
775 1475 1083 1512 neceffitudinem
1111 1499 1124 1521 ,
1153 1479 1275 1526 tnagis
1304 1478 1421 1513 etiam
1452 1475 1602 1514 suorum

443 1527 567 1565 caussa
583 1527 654 1565 effe
671 1527 841 1565 studebat
860 1556 868 1564 .
898 1527 1047 1566 Aderat
1065 1532 1102 1565 in
1120 1532 1270 1580 magnis
1288 1529 1397 1566 rebus
1416 1544 1424 1566 τ
1452 1529 1606 1581 ejusque

444 1581 602 1618 consilio
617 1582 783 1618 multum
812 1582 1037 1620 movebatur
1055 1594 1240 1631 tyrannus
1256 1606 1270 1628 ,
1299 1582 1365 1619 nisi
1398 1597 1470 1634 qua
1500 1586 1540 1620 in
1569 1598 1609 1622 re

444 1637 566 1685 major
583 1635 694 1685 ipsius
723 1636 913 1684 cupiditas
937 1634 1194 1673 intercesserat
1211 1661 1220 1670 .
1254 1635 1483 1687 Legationes
1513 1651 1604 1678 vero

444 1701 576 1725 omnes
605 1702 682 1739 quae
712 1688 829 1726 effent
864 1688 1088 1726 illustriores
1105 1712 1117 1734 ,
1147 1703 1211 1739 per
1238 1687 1409 1727 Dionem
1439 1691 1606 1727 admini-

446 1741 658 1778 strabantur
674 1756 681 1778 t
701 1755 793 1791 quas
811 1743 964 1793 quidem
984 1742 1052 1779 ille
1069 1743 1275 1793 diligenter
1292 1743 1465 1781 obeundo
1481 1767 1494 1790 ,
1511 1744 1608 1782 fide-

446 1796 535 1832 liter
550 1794 850 1832 administrando
866 1818 879 1841 ,
904 1795 1198 1833 crudeliffimum
1213 1810 1352 1834 nomen
1369 1800 1526 1846 tyranni
1542 1796 1603 1835 sua

444 1849 687 1886 humanitate
703 1849 855 1899 tegebat
867 1845 888 1884 ¹.

497 1900 548 1938 II.
579 1903 696 1939 Hunc
712 1916 731 1938 a
749 1901 939 1951 Dionysio
962 1901 1112 1940 missum
1129 1902 1466 1955 Carthaginienses
1482 1902 1607 1954 suspe-

446 1968 584 1993 xerunt
597 1980 609 2000 ,
640 1967 680 1992 ut
699 1959 890 1992 neminem
907 1970 1089 2008 umquam
1099 1970 1215 2008 graeca
1233 1958 1362 2007 lingua
1380 1958 1601 2008 loquentem

444 2011 567 2061 magis
583 2009 654 2048 sint
671 2010 854 2049 admirati
877 2037 886 2046 .
929 2009 1066 2062 Neque
1083 2024 1171 2050 vero
1186 2010 1261 2049 haec
1285 2010 1515 2060 Dionysium
1543 2009 1606 2049 fu-

1474 2068 1556 2117 gie-

1680 1134 1685 1146 ,
1678 1050 1686 1122 ›na-f
1680 999 1685 1041 .„.„
