1714 2719
288 189 858 233 T1Mo'rHEus.
933 191 1086 230 xr11.
1175 205 1216 241 53

100 275 223 316 scaus
252 274 538 315 circumvehens
569 273 871 327 Peloponnesum
891 297 902 318 ‚
935 273 1165 312 Laconicam
1197 289 1263 325 po-

100 333 257 382 pulatus
273 353 287 376 ,
315 327 467 366 classem
485 341 613 365 corum
633 327 783 379 fugavit
803 355 811 363 .

153 383 202 421 ΙΙ.
232 382 441 431 Corcyram
459 379 524 418 sub
555 383 755 431 imperium
776 380 1066 418 Atheniensium
1088 381 1233 431 redegit
1253 396 1262 418 :

101 435 293 487 sociosque
310 437 410 473 idem
426 435 604 486 adjunxit
622 433 820 484 Epirotas,
840 432 1084 470 Athamanas
1103 458 1114 478 ,
1131 433 1263 471 Chao-

99 488 465 539 nas‚omnesqueeas
482 500 613 538 gentes
627 501 704 538 qua:
722 501 825 524 mare
843 487 942 524 illud
961 487 1148 537 adjacent.
1171 489 1262 545 Qio

97 543 200 582 fasso
218 542 496 580 Lacedaemonii
514 541 560 578 de
576 542 727 577 diutina
745 544 994 578 contentione
1010 540 1234 577 destiterunt
1248 565 1261 585 ,

96 598 133 635 &
148 596 209 634 sua
227 595 360 647 sponte
377 594 676 632 Atheniensibus
695 597 846 644 imperii
863 596 1049 630 maritimi
1068 597 1262 643 principa-

94 662 178 688 tum
195 649 456 688 conceffcrunt
474 673 486 694 ‚
504 661 711 699 pacemque
728 647 786 685 his
804 648 951 698 legibus
967 646 1262 693 constituerunt,

92 717 136 741 ut
154 702 411 741 Athenienses
431 706 527 738 mari
543 702 655 738 duces
674 700 791 738 essent
815 729 823 736 .
854 704 949 761 Quae
968 700 1128 738 vinsteria
1147 713 1263 738 tantae

93 756 172 794 fuit
190 756 340 794 Atticis
358 756 499 792 laetitiae
517 779 530 797 s
560 767 600 792 ut
618 767 699 793 tum
717 757 883 805 primum
900 768 969 791 arae
989 753 1077 792 Paci
1097 753 1263 791 Publicae

94 811 166 848 sint
196 809 302 847 faRae
318 833 331 855 ,
361 812 471 860 eique
488 808 580 846 Deae
596 808 778 859 pulvinar
795 808 836 844 sit
866 807 1080 845 institutum
1099 835 1107 843 .
1138 806 1260 859 Cujus

95 864 222 901 laudis
242 876 282 900 ut
299 865 481 900 memoria
500 874 688 906 maneret,
703 860 912 898 Timotheo
929 862 1081 911 publice
1098 859 1261 898 statuam

95 919 134 954 in
152 916 236 954 foro
252 916 456 967 posuerunt
470 942 478 950 .
511 918 575 965 qui
593 915 712 952 honos
730 914 816 951 huic
833 917 898 950 uni
916 928 1005 951 ante
1022 914 1092 951 hoc
1109 927 1259 963 tempus

92 972 256 1021 contigit
273 993 286 1014 ‚
315 982 358 1006 ut
374 982 458 1006 cum
475 972 575 1018 patri
592 967 756 1018 populus
773 966 933 1004 statuam
952 967 1158 1018 posuisset,
1174 967 1259 1004 filio

92 1037 244 1074 quoque
258 1023 365 1059 daret
387 1049 395 1057 .
426 1022 487 1058 Sic
501 1022 610 1072 juxta
640 1020 758 1070 posita
793 1034 921 1058 recens
952 1020 1027 1058 filii
1044 1044 1058 1066 ,
1089 1032 1260 1058 veterem

90 1089 212 1128 patris
228 1087 430 1113 renovavit
453 1088 677 1111 memoriam
695 1101 703 1109 .
925 1113 930 1119 ,

142 1128 214 1166 ΙΙΙ.
246 1128 327 1166 Hic
342 1143 425 1166 cum
444 1127 534 1166 esset
551 1142 691 1180 magno
716 1138 809 1165 natu
826 1152 839 1174 ,
868 1129 904 1164 3<
933 1127 1178 1180 magistratus
1193 1140 1261 1178 ge-

91 1198 173 1221 rere
203 1183 348 1220 desisset
366 1206 378 1226 ‚
409 1182 511 1219 bello
529 1181 786 1219 Athenienses
817 1183 985 1233 undique
1017 1184 1138 1234 premi
1168 1179 1257 1217 sunt:

89 1239 204 1286 coepti
223 1263 231 1271 .
252 1235 457 1273 Defecerat
476 1235 619 1272 Samus:
637 1234 819 1272 descierat
836 1233 1131 1286 Hellespontus:
1149 1233 1259 1272 Phil-

90 1292 201 1342 ippus
218 1291 294 1339 jam
326 1301 418 1326 tunc
436 1288 569 1325 valens
587 1287 755 1325 Macedo
771 1289 893 1326 multa
914 1289 1149 1326 moliebatur
1167 1302 1174 1324 :
1192 1290 1255 1325 cui

89 1343 282 1393 oppositus
297 1341 442 1380 Chares
459 1355 543 1378 cum
561 1340 651 1379 esset
663 1365 675 1386 ,
694 1355 770 1379 non
788 1341 878 1379 satis
895 1345 932 1379 in
951 1358 995 1380 eo
1011 1342 1168 1393 praesidii
1185 1355 1257 1391 pu·

86 1397 241 1434 tabatur
257 1423 266 1430 .
297 1395 360 1433 Fit
376 1394 622 1433 Menestheus
638 1408 773 1446 praetor
786 1419 798 1441 ,
820 1395 923 1434 filius
939 1396 1144 1447 Iphicratis
1157 1419 1171 1440 ,
1187 1409 1254 1446 ge-

86 1464 154 1488 ner
172 1449 372 1487 Timothei
390 1473 404 1495 ,
433 1450 469 1486 ὃ(
486 1461 527 1486 ut
544 1450 591 1485 ad
622 1448 768 1486 bellurn
805 1449 1068 1500 proficiscatur
1084 1473 1098 1495 ,
1127 1449 1256 1486 decer-

85 1506 192 1541 nitur
208 1531 218 1539 .
258 1501 363 1541 Huic
380 1506 419 1540 in
437 1502 635 1540 consilium
667 1502 806 1540 dantur
822 1503 896 1540 dno
912 1502 978 1541 usu
1012 1505 1049 1540 &
1065 1502 1254 1554 sapientia

85 1556 301 1609 praestantes
319 1581 331 1603 ,
349 1570 509 1609 quorum
525 1555 684 1594 consilio
698 1569 869 1595 uteretur
886 1581 898 1603 ,
928 1570 1052 1607 pater,
1068 1557 1104 1594 ὃ(
1120 1555 1221 1594 socer
1238 1581 1253 1604 ‚

85 1612 188 1663 quod
207 1613 244 1647 in
263 1611 321 1648 his
338 1623 447 1648 tanta
464 1622 544 1647 erat
558 1609 768 1648 auefi'toritas
780 1635 793 1657 ‚
821 1623 862 1647 ut
878 1625 1016 1663 magna
1035 1610 1117 1660 spes
1133 1608 1251 1657 esset,

84 1679 152 1716 per
167 1678 230 1702 eos
247 1688 260 1709 ‚
277 1664 407 1702 amissa
426 1663 527 1715 posse
544 1668 755 1714 recuperari
773 1692 782 1700 .
814 1662 870 1701 Hi
889 1679 973 1702 cum
991 1665 1145 1702 Samum
1163 1677 1253 1714 pro-

86 1717 177 1756 feffl
194 1718 312 1756 effent
331 1742 344 1764 ,
373 1720 409 1755 ἃ
427 1718 560 1756 eodem
583 1717 728 1756 Chares
745 1742 759 1764 ,
789 1732 917 1755 eorum
933 1719 1103 1756 adventu
1119 1719 1254 1769 cogni-

85 1783 128 1809 to
144 1796 158 1817 ,
185 1785 270 1810 cum
287 1771 362 1809 suis
379 1774 500 1823 copiis
515 1770 815 1822 proficisceretur
831 1795 845 1817 ‚
873 1787 920 1809 ne
937 1773 1028 1824 quid
1044 1770 1198 1809 absente
1215 1770 1253 1810 se

86 1825 229 1877 gestum
248 1826 442 1863 videretur
460 1841 472 1871 ;
501 1827 643 1865 accidit
660 1850 674 1872 ‚
693 1841 778 1864 cum
796 1827 844 1863 ad
859 1825 1026 1863 insulam
1042 1828 1253 1876 appropin-

87 1890 249 1930 quarent
265 1903 278 1926 ‚
308 1892 348 1916 ut
365 1893 503 1931 magna
521 1880 724 1932 tempestas
739 1883 903 1918 oriretur
922 1895 930 1917 ε
962 1893 1077 1931 quam
1104 1882 1251 1916 evitare

85 1934 164 1970 duo
180 1945 324 1970 veteres
342 1936 593 1984 imperatores
610 1935 706 1972 utile
734 1934 913 1971 arbitrati
931 1957 944 1979 ,
974 1933 1078 1970 suam
1095 1932 1250 1970 classem

84 1985 363 2038 suppresserunt
379 2015 387 2023 .
418 1986 476 2025 At
494 1988 563 2025 ille
578 1991 777 2026 temeraria
794 1987 880 2025 usus
898 1989 1062 2032 ratione,
1079 2000 1154 2023 non
1172 1985 1252 2023 ces-

80 2039 130 2080 fit
146 2041 332 2091 majorum
350 2052 443 2078 natu
459 2041 682 2080 austeritati
699 2057 708 2078 τ
737 2043 774 2078 &
791 2064 804 2084 2
827 2053 868 2078 ut
885 2041 909 2078 si
929 2044 967 2078 in
985 2040 1046 2077 sua
1063 2053 1180 2077 manu
1197 2039 1254 2076 es-

89 2091 144 2131 set
161 2092 313 2135 fortuna
333 2119 345 2143 ,
375 2108 450 2146 quo
468 2096 716 2135 contenderat
739 2097 914 2145 pervenit
932 2111 938 2133 :
972 2094 1181 2144 eodemque
1208 2104 1253 2135 ut

725 2146 767 2188 D
826 2161 844 2197 3
1062 2147 1198 2199 seque-
