1714 2719
363 145 975 186 TESTIMONIA.
1129 152 1199 189 xiii

186 229 319 279 Caspar
336 225 509 266 Rarthim
523 225 820 275 Adverfiiriorum
835 226 896 263 lib.
914 240 1006 267 xxv.
1024 243 1056 266 c.
1076 243 1139 268 xv.

139 336 335 375 AEmilius
352 334 495 373 Probus
526 348 604 372 aevo
623 333 828 372 Theodosii
856 335 1015 372 Cornelii
1030 339 1184 385 Nepotis
1201 339 1250 376 li-

84 392 170 429 bros
186 395 224 428 in
243 393 437 440 epitomen
455 389 600 440 redegit
618 415 627 424 .

187 495 349 546 Jacohus
366 496 569 543 Bongarfius
599 495 708 544 Epist.
726 494 776 532 ad
805 495 921 544 Joan.
951 496 1113 534 Noelium
1131 525 1139 534 .

132 603 297 655 Justinus
325 617 346 640 a
378 602 486 641 Nino
503 625 516 643 s
547 605 613 652 qui
643 605 788 652 primus
817 601 868 640 est
885 601 954 642 ταῖν
968 602 1015 644 εἰς
1033 603 1182 655 ι’ςοριάν
1220 610 1254 661 ²3

78 660 236 711 μνκμὶω
266 659 498 708 πᾳραθεῶιμε
508 670 568 694 νων
585 679 598 701 ,
627 658 673 693 ad
691 656 906 708 Augustum
922 657 1106 696 Caesarem
1128 673 1140 704 ς
1170 675 1245 696 non

79 726 122 752 ut
139 713 298 750 Atticus
316 711 417 761 apud
436 710 495 746 Μ.
513 708 741 747 Ciceronem
759 734 772 755 ‚
803 710 1130 763 septingentorum
1149 738 1162 759 ,
1185 714 1244 750 sed

81 779 122 804 ut
137 764 322 803 eorm-lius
339 771 454 812 Nepos
474 787 487 807 ,
504 776 616 800 omne
632 777 750 801 aevum
776 787 788 809 ,
806 766 843 801 id
861 764 911 802 est
942 767 1056 804 duum
1073 769 1244 804 millium

80 832 268 859 annorum
302 820 528 855 memoriam
557 831 632 854 uno
649 817 750 855 libro
765 819 969 869 colligavit
987 848 995 857 .

203 925 318 974 Joan.
351 928 464 959 Hem.
493 921 675 959 Boi'clerus
705 927 745 969 in
772 922 860 959 libro
886 930 1133 962 commentario

489 975 538 1011 ad
563 982 808 1024 Berneggerum
826 1003 834 1011 .

131 1083 379 1123 Herodianus
409 1083 444 1119 &
462 1080 647 1119 Cornelius
677 1088 795 1133 Nepos
812 1107 826 1130 ,
856 1085 979 1122 veluti
1013 1087 1050 1122 in
1076 1088 1244 1125 medium

81 1141 229 1193 digressi
246 1162 260 1184 ‚
288 1140 395 1175 Vitas
411 1137 565 1187 quidem
584 1161 596 1182 ,
614 1136 675 1174 sed
692 1151 736 1175 eo
752 1137 1043 1188 composuerunt
1060 1153 1189 1191 opere,
1207 1155 1247 1179 ut

80 1195 263 1245 pleraque
277 1192 325 1229 ad
341 1192 499 1229 civilem
516 1190 716 1229 scientiam
736 1194 1071 1231 accommodarent
1088 1221 1097 1230 .

487 1295 584 1334 Idem
605 1297 729 1348 paullo
751 1298 850 1348 post.

133 1413 252 1457 Nepos
268 1429 282 1452 ‚
306 1405 592 1459 castigatissimae
607 1407 886 1447 moderationis
901 1407 1032 1447 auelor
1049 1432 1062 1453 ‚
1079 1424 1165 1448 cum
1181 1409 1248 1447 ab·

83 1459 218 1499 stinere
248 1461 316 1498 illa
348 1465 566 1499 orationum
586 1460 845 1512 splendidiore
876 1477 963 1500 cura
988 1488 1001 1509 ,
1027 1464 1250 1515 descriptio-

84 1529 250 1566 numque
266 1515 505 1564 produffiore
528 1515 677 1553 ambitu
693 1515 944 1554 constituiffet
963 1531 974 1562 3
1003 1531 1246 1568 quaecumque

85 1570 130 1606 ad
150 1571 345 1621 ingenium
363 1593 376 1615 ‚
404 1569 649 1622 disciplinam
669 1593 681 1615 ,
711 1573 904 1621 privatam
934 1571 1248 1609 consuetudinem

85 1626 278 1673 pertinent
297 1646 310 1668 ,
341 1623 504 1662 breviter
531 1637 576 1662 ac
591 1624 716 1662 veluti
748 1638 821 1661 una
852 1624 1093 1677 congestione
1121 1624 1248 1663 absol-

84 1679 141 1713 vit
159 1701 169 1712 .
199 1676 337 1714 Cetera
363 1677 574 1716 afflonibus
604 1677 769 1728 publicis
799 1692 1004 1731 earumque
1037 1679 1251 1716 rationibus

86 1729 340 1769 informandis
360 1732 455 1769 bona
473 1732 546 1770 fide
560 1743 791 1783 attemperat
810 1758 819 1768 .

549 1846 598 1877 Et
625 1839 767 1877 tandem
777 1865 788 1877 .

135 1943 181 1982 In
199 1951 334 1997 Nepote
362 1946 488 1985 nostro
519 1961 563 1985 eo
579 1952 705 1987 minus
721 1950 815 1986 duxi
831 1947 1086 1986 dubitandum
1103 1971 1117 1994 ‚
1147 1948 1248 1999 quod

84 2001 252 2038 viderem
271 2004 398 2039 omnia
417 2002 572 2052 publico
588 2003 766 2040 destinari
784 2027 797 2049 ,
827 2016 1056 2054 omnemque
1072 2001 1250 2052 scriptio-

82 2056 144 2091 nis
160 2053 323 2093 sormam
341 2056 413 2094 huc
429 2055 595 2108 spec-‘iare
619 2071 631 2102 3
661 2059 702 2094 in
718 2069 902 2095 contextu
927 2081 942 2103 2
958 2059 996 2094 in
1012 2057 1167 2108 judiciis
1185 2079 1198 2101 ,
1214 2058 1254 2092 in

1086 2109 1201 2161 phra-
