1714 2719
505 161 554 197 92
663 144 1033 186 CORNELII
1089 145 1405 185 NEPOTIS

453 241 526 279 que
553 239 599 264 ex
630 229 868 279 ingratorum
898 228 1098 266 hominum
1128 226 1330 278 conspeEffl
1355 225 1478 268 morte
1509 231 1622 269 dece-

451 281 539 318 dere
555 308 565 316 .
1680 286 1714 324 2du

504 332 555 370 II.
584 331 746 371 Interim
761 331 893 371 Dione
923 333 1110 383 Syracusis
1142 333 1343 373 interfesso
1362 358 1374 381 ,
1403 333 1617 385 Dionysius
1681 351 1714 388 ayt:

452 386 575 424 rursus
592 386 858 436 Syracusarum
876 390 1022 438 potitus
1040 387 1089 424 est
1112 403 1119 424 ι
1150 390 1255 439 cujus
1281 387 1490 425 adversarii
1506 402 1618 439 opem
1683 405 1714 431 xan

449 454 470 478 2
487 440 704 478 Corinthiis
721 443 941 490 petiverunt
959 456 967 477 ε
999 442 1208 492 ducemque
1225 465 1238 487 ‚
1267 455 1342 491 quo
1360 444 1397 477 in
1416 440 1520 479 bello
1535 454 1621 479 ute-
1687 459 1714 484 ιω

451 505 582 531 rentur
598 518 611 539 ,
627 493 868 545 postularunt
885 521 894 528 .
925 492 1015 532 Huc
1034 493 1241 531 Timoleon
1258 493 1390 532 missus
1409 518 1422 540 ,
1452 496 1620 533 incredi-
1687 512 1714 538 nr

451 546 523 584 bili
540 546 732 585 felicitate
747 546 980 596 Dionysium
996 559 1078 585 tota
1096 549 1227 585 Sicilia
1241 548 1391 598 depulit
1409 575 1417 583 .
1441 547 1542 585 Cum
1559 554 1622 585 in·-
1687 555 1714 591 Si·¹

450 599 620 638 terficere
636 600 757 651 posset
775 624 788 646 ,
817 600 944 638 noluit
961 625 973 646 ‚
997 613 1157 652 tutoque
1173 613 1214 638 ut
1230 600 1464 638 Corinthum
1484 615 1621 652 perve-
1686 607 1714 644 luit

451 658 553 691 niret
570 678 583 700 ,
612 655 738 690 effecit
757 669 764 690 :
795 654 896 703 quod
913 665 1160 703 utrorumque
1177 653 1454 702 Dionysiorum
1483 655 1619 705 opibus
1688 665 1714 699 imi

449 706 647 744 Corinthii
665 705 756 756 saepe
771 707 894 757 adjuti
911 706 1062 744 fuerant
1079 734 1088 741 .
1118 705 1240 757 Cujus
1268 708 1522 758 benignitatis
1540 722 1621 745 me-
1691 728 1714 765 qu

451 764 616 798 moriam
641 760 796 797 volebat
814 759 958 797 exstare
974 775 983 796 ε
1001 773 1159 810 eamque
1176 761 1394 809 praeclzram
1418 760 1620 798 vie'ioriam
1696 782 1714 805 ιγ

452 813 613 851 ducebat
629 816 669 850 in
686 827 759 864 qua
778 813 863 864 plus
881 813 971 850 esset
987 813 1198 850 clementiae
1217 827 1329 864 quam
1347 814 1589 852 crudelitatis
1610 841 1619 850 .
1702 823 1714 858 x*

455 865 650 905 Postremo
667 891 680 913 ,
696 879 738 903 ut
755 881 831 903 non
848 865 969 904 solum
985 867 1139 904 auribus
1155 869 1406 916 acciperetur,
1424 866 1485 904 sed
1501 869 1621 905 etiam

453 921 575 958 oculis
594 933 811 958 cerneretur
828 943 841 965 ,
858 934 970 971 quem
991 945 1004 964 ,
1034 922 1069 956 ὃ(
1086 934 1131 957 ex
1149 933 1294 971 quanto
1310 935 1426 971 regno
1442 921 1489 957 ad
1505 934 1620 970 quam

452 973 647 1017 fortunam
665 974 875 1011 detrusisset
890 1001 898 1008 .
918 973 1003 1010 Post
1021 972 1201 1022 Dionysii
1219 973 1423 1019 decessum,
1436 987 1520 1011 curn
1541 972 1622 1011 Ice-

455 1040 495 1065 ta
527 1028 692 1066 bellavit
709 1051 721 1073 ,
752 1030 817 1077 qui
833 1026 1053 1064 adversatus
1083 1025 1207 1064 fuerat
1238 1025 1429 1075 Dionysio
1455 1055 1463 1062 .
1495 1029 1623 1086 Qeni

452 1095 529 1119 non
547 1082 636 1118 odio
652 1082 875 1128 tyrannidis
904 1078 1106 1116 dissensisse
1123 1103 1136 1123 ,
1167 1078 1229 1116 sed
1245 1081 1460 1128 cupiditate
1477 1103 1489 1124 ‚
1520 1082 1623 1117 indi-

451 1138 512 1172 cio
534 1133 610 1171 fuit
628 1133 728 1184 quod
748 1132 826 1183 ipse
843 1132 1001 1182 expulso
1018 1131 1210 1181 Dionysio
1227 1135 1430 1182 imperium
1447 1133 1625 1170 dimitte-

454 1202 493 1225 re
523 1187 651 1224 noluit
670 1215 678 1223 .
711 1184 804 1224 Hoc
832 1186 1007 1236 superato
1039 1184 1247 1222 Timoleon
1276 1189 1465 1223 maximas
1495 1189 1624 1236 copias

449 1239 830 1290 Carthaginiensium
847 1240 947 1290 apud
963 1237 1193 1276 Crimessum
1211 1239 1350 1276 flumen
1369 1239 1520 1291 fugavit
1537 1264 1550 1286 ‚
1578 1253 1622 1276 ac

456 1293 547 1332 satis
563 1293 702 1331 habere
736 1296 862 1345 coe'git
881 1318 894 1339 ,
923 1292 948 1329 si
966 1292 1098 1330 liceret
1129 1291 1308 1329 Africam
1327 1292 1501 1331 obtinere
1517 1317 1529 1339 ‚
1559 1295 1625 1344 qui

454 1349 534 1398 jam
566 1347 780 1397 complures
805 1360 926 1384 annos
956 1345 1216 1395 posseffionem
1246 1346 1384 1383 Siciliae
1414 1347 1598 1384 tenebant
1615 1374 1624 1382 .

452 1400 571 1451 Cepit
590 1403 708 1438 etiam
725 1400 969 1438 Mamercum
985 1422 998 1445 ,
1026 1397 1209 1436 Italicum
1235 1399 1367 1437 ducem
1386 1423 1399 1446 5
1428 1399 1624 1437 hominem

453 1453 681 1492 bellicosum
700 1478 712 1501 ,
730 1454 765 1489 &
782 1465 980 1505 potentem
999 1477 1011 1500 ‚
1029 1455 1095 1504 qui
1113 1463 1299 1501 tyrannos
1316 1455 1492 1506 adjutum
1510 1457 1548 1491 in
1567 1455 1626 1491 Si-

454 1509 589 1547 ciliam
611 1518 770 1546 venerat
787 1534 796 1543 .
1444 1544 1448 1556 *A

506 1560 578 1597 ΙΙΙ.
609 1561 764 1618 Quibus
782 1560 890 1598 rebus
907 1559 1091 1599 confeRis
1109 1584 1122 1607 ‚
1151 1574 1238 1599 cum
1256 1572 1412 1612 propter
1427 1560 1624 1606 diuturni-

456 1627 577 1652 tatem
601 1615 697 1654 belli
714 1629 790 1653 non
808 1614 931 1652 solum
959 1617 1133 1666 regiones
1151 1637 1164 1660 5
1193 1613 1256 1652 sed
1288 1617 1405 1652 etiam
1422 1615 1531 1653 urbes
1559 1616 1627 1653 de·-

457 1667 574 1706 sertas
607 1670 755 1707 videret
772 1693 785 1714 ,
815 1669 1044 1720 conquisivit
1062 1681 1155 1718 quos
1187 1671 1316 1718 potuit
1333 1692 1347 1715 ‚
1371 1672 1537 1719 primum
1568 1670 1627 1706 Si-

455 1723 563 1759 culos
582 1746 594 1768 ,
611 1723 750 1759 deinde
767 1721 960 1760 Corintho
975 1721 1161 1760 arceffivit
1179 1722 1338 1759 colonos
1355 1746 1368 1768 ,
1386 1723 1486 1773 quod
1502 1723 1550 1760 ab
1566 1722 1625 1759 his

454 1777 572 1812 initio
588 1775 774 1825 Syracusa:
804 1788 911 1813 crant
928 1776 1088 1813 conditae
1105 1801 1114 1810 .
1144 1774 1310 1813 Civibus
1340 1775 1534 1813 veteribus
1559 1774 1624 1813 sua

456 1827 653 1876 restituit„
683 1833 796 1867 novis
827 1829 930 1866 bello
947 1827 1188 1867 vacuefaGt2s
1213 1828 1451 1879 poffeffiones
1468 1829 1597 1867 divisit
1616 1844 1625 1866 :

456 1881 608 1920 urbium
623 1886 762 1919 moenia
781 1883 936 1933 (ἰῆσθαι
955 1908 967 1929 ,
985 1882 1151 1932 fanaque
1167 1882 1293 1919 deleta
1311 1906 1325 1928 5
1348 1881 1482 1921 refecit
1502 1898 1510 1920 ε
1527 1884 1627 1920 civi-

457 1935 603 1973 tatibus
622 1937 725 1988 leges
742 1936 1039 1987 libertatemque
1056 1936 1222 1972 reddidit
1241 1950 1248 1972 :
1268 1949 1313 1973 cx
1330 1940 1500 1974 maximo
1518 1936 1622 1974 bello

457 2000 611 2026 tantum
626 1993 749 2028 otium
766 1992 842 2027 toti
857 1989 986 2026 insulae
1016 1989 1242 2027 conciliavit
1260 2013 1273 2035 ‚
1303 2001 1344 2026 ut
1362 1990 1423 2028 hic
1449 1990 1625 2028 conditor

460 2042 609 2081 urbium
626 2057 755 2082 earum
773 2067 786 2091 ‚
815 2057 892 2082 non
910 2044 971 2081 illi
989 2046 1055 2095 qui
1085 2045 1201 2080 initio
1218 2043 1453 2082 deduxerant
1471 2067 1483 2088 ‚
1515 2043 1626 2080 vide-

1444 2108 1546 2135 retur
1561 2123 1570 2133 .
