1714 2719
280 184 730 226 EUMENES.
815 185 1021 227 XV111.
1134 191 1179 227 81

66 271 106 312 δ(
118 268 302 308 Craterus
318 279 457 318 magno
473 280 556 304 cum
576 270 744 305 exercitu
762 266 1042 314 Macedonum,
1060 271 1132 306 viri
1149 283 1239 309 eum

69 326 249 364 claritate
266 347 280 367 ,
312 336 390 359 tum
410 319 473 357 usu
493 320 585 357 belli
604 320 818 371 praestmtes
838 337 844 357 :
878 322 1113 360 Macedones
1145 337 1234 361 vcro

69 380 216 417 milites
234 390 274 414 ea
307 389 397 413 tunc
414 386 522 412 erant
541 373 640 411 sama
659 388 730 426 qua
763 389 864 412 nunc
898 373 1071 414 Romani
1103 376 1233 416 ferun-

70 444 158 471 tur:
189 433 331 467 etenim
350 427 493 478 semper
511 427 633 465 habiti
651 427 735 466 sunt
753 427 945 465 sortiffimi
963 433 1027 480 qui
1046 429 1231 469 summam

73 487 224 535 imperii
257 485 496 533 potirentur:
528 480 718 519 Eumenes
750 482 996 533 intelligebat
1022 507 1034 529 ,
1064 484 1087 521 si
1118 488 1234 535 copiae

50 546 56 553 '
75 538 143 578 suae
161 535 427 588 cognoscerent
446 558 459 578 ,
483 534 661 572 adversus
678 549 772 587 quos
788 536 1014 573 ducerentur
1030 562 1042 582 ,
1060 552 1134 575 non
1152 553 1236 576 mo-

73 593 121 631 do
138 605 212 628 non
232 593 349 627 ituras
367 613 381 634 ‚
410 588 471 627 sed
489 588 597 626 simul
614 603 698 626 cum
730 592 869 627 nuntio
884 589 1116 639 dilapsuras.
1153 590 1236 630 Ita-

72 659 145 698 que
162 645 230 681 hoc
248 646 326 694 ejus
344 642 418 680 fuit
437 643 764 693 prudentissimum
782 643 980 682 consilium
997 668 1011 690 ,
1039 656 1079 682 ut
1110 646 1235 684 deviis

68 698 278 738 itineribus
294 698 440 734 milites
457 697 608 734 duceret
627 721 640 742 ,
671 697 863 748 inquibus
892 711 978 735 vera
1009 699 1140 736 audire
1157 714 1234 737 non

70 751 219 806 poll'ent
239 766 245 787 :
277 752 310 787 ἃ
330 752 386 787 his
431 749 641 787 ersuaderet
659 774 672 795 ,
699 749 734 787 se
750 763 880 788 contra
899 750 1080 801 quosdam
1098 752 1235 790 barba-

70 821 132 845 ros
151 804 363 857 proficisci.
394 765 530 853 sinque
546 806 670 841 tenuit
687 804 758 842 hoc
782 805 1015 854 propositum
1033 829 1046 852 ,
1076 807 1110 843 ὃ(
1128 810 1233 856 prius

70 863 110 899 in
145 873 264 896 aciem
297 861 504 895 exercitum
537 858 668 894 eduxit
685 882 698 904 ,
729 858 982 909 proeliumque
1010 860 1198 898 commisit
1215 884 1231 907 ,

100 927 184 951 uam
203 911 349 948 milites
367 910 421 946 sui
440 910 577 947 scirent
594 935 607 956 ‚
624 925 708 948 cum
727 911 863 961 quibus
879 925 982 949 arma
1001 912 1232 951 conferrent.

110 967 211 1004 ffecit
229 967 344 1002 etiam
365 963 461 1000 illud
480 964 649 1001 locorum
682 968 1008 1015 praeoccupatione
1024 990 1036 1012 ‚
1066 979 1108 1003 ut
1125 970 1232 1018 equi-

71 1032 156 1058 tatu
176 1020 303 1069 potius
319 1018 520 1054 dimicaret
539 1040 552 1062 ,
583 1031 657 1068 quo
673 1018 762 1069 plus
780 1017 933 1056 valebat
952 1042 964 1065 ³
995 1032 1108 1070 quam
1124 1021 1234 1071 pedi-

69 1085 155 1113 tatu
171 1096 184 1117 ,
215 1085 290 1122 quo
308 1083 388 1107 erat
405 1071 572 1107 deterior
591 1098 598 1106 .

121 1125 192 1164 IV.
223 1127 399 1186 Qorum
416 1127 600 1161 acerrimo
629 1123 808 1162 concursu
827 1139 909 1162 cum
941 1140 1119 1178 magnam
1145 1141 1234 1178 par-

71 1193 146 1221 tem
163 1180 238 1216 diei
257 1176 347 1215 etset
365 1191 577 1229 pugnatum
597 1202 610 1223 ‚
636 1179 738 1215 cadit
755 1177 936 1216 Craterus
953 1181 1028 1216 dux
1047 1204 1060 1226 ,
1077 1181 1112 1217 &
1129 1179 1238 1219 Neo-

72 1234 262 1287 ptolemus
281 1255 294 1276 ,
312 1235 376 1282 qui
395 1230 597 1268 secundum
617 1231 741 1268 locum
761 1234 912 1282 imperii
929 1233 1084 1270 tenebat
1102 1261 1110 1269 .
1133 1233 1235 1271 Cum

69 1289 142 1327 hoc
156 1288 347 1324 concurrit
367 1283 444 1335 ipse
461 1283 652 1321 Eumenes
670 1311 679 1319 .
698 1286 777 1345 Qi
796 1300 881 1322 cum
900 1289 1000 1323 inter
1017 1285 1052 1323 se
1067 1288 1239 1337 comple-

69 1345 112 1380 xi
129 1344 167 1378 in
199 1352 338 1378 terram
356 1352 400 1376 ex
433 1342 541 1389 equis
558 1338 783 1375 decidissent
800 1361 813 1383 ,
844 1351 886 1376 ut
915 1338 1032 1377 facile
1062 1341 1235 1392 intelligi

72 1394 192 1448 posset
209 1418 223 1440 ,
253 1395 410 1430 inimica
429 1404 558 1429 mente
581 1391 817 1429 contendisse
834 1416 848 1438 ,
876 1396 1084 1444 animoque
1112 1398 1236 1446 magis

73 1444 196 1488 etiam*
208 1444 386 1498 pugnalse
402 1459 516 1497 quam
533 1459 687 1495 corpore
707 1458 718 1490 3
749 1460 824 1482 non
843 1449 947 1496 prius
964 1446 1131 1485 distracti
1148 1447 1234 1486 sunt

75 1515 191 1556 quam
207 1501 370 1537 alterum
387 1502 514 1536 anima
546 1499 745 1550 reliquerit
763 1526 771 1534 .
806 1500 871 1537 Ab
887 1500 957 1537 boc
981 1501 1132 1551 aliquot
1149 1502 1236 1552 pla-

75 1559 133 1609 gis
150 1554 339 1592 Eumenes
356 1554 596 1591 vulneratur:
616 1567 738 1603 neque
754 1567 798 1589 eo
814 1557 936 1605 magis
953 1567 997 1591 ex
1015 1555 1151 1603 proelio
1167 1568 1235 1592 ex-

76 1609 176 1648 ceffit
194 1632 207 1654 ,
237 1607 298 1645 sed
314 1610 438 1645 acrius
455 1605 620 1644 hostibus
638 1605 777 1643 institit
797 1635 805 1642 .
837 1605 917 1644 Hic
934 1608 1127 1659 equitibus
1143 1622 1234 1660 pro-

76 1665 219 1715 fligatis
239 1686 253 1707 ,
283 1659 485 1698 interfecto
504 1660 599 1698 duce
617 1659 778 1697 Cratero
797 1685 810 1706 ,
838 1661 974 1698 multis
1003 1670 1179 1712 praeterea
1197 1663 1235 1699 ὅτ

75 1719 244 1755 maxime
259 1715 455 1752 nobilibus
470 1715 592 1764 captis
609 1737 622 1760 ,
639 1713 820 1764 pedestris
838 1717 1027 1752 exercitus
1046 1739 1058 1762 ,
1075 1715 1176 1766 quod
1192 1718 1234 1752 in

77 1785 119 1810 ea
156 1771 238 1807 loca
271 1780 351 1806 erat
386 1767 565 1805 deduehis
591 1780 634 1804 ut
664 1770 791 1805 invito
821 1767 994 1805 Eumene
1022 1769 1124 1805 elabi
1154 1783 1231 1807 non

77 1823 198 1876 posset
216 1847 229 1869 ,
246 1835 376 1873 pacem
394 1822 442 1858 ab
458 1835 502 1858 eo
518 1823 614 1872 petit
631 1848 641 1857 .
672 1824 800 1883 Qam
817 1836 904 1860 cum
921 1822 1175 1872 impetrasset,
1192 1825 1232 1860 in

77 1878 153 1916 fide
169 1891 244 1914 non
261 1876 396 1913 mansit
415 1900 428 1920 ,
445 1876 480 1911 ὃ(
498 1873 549 1921 se,
568 1875 671 1912 simul
690 1890 733 1913 ac
750 1878 895 1926 potuit,
910 1876 958 1912 ad
975 1875 1233 1926 Antipatrum

77 1933 221 1982 recepit
242 1958 250 1966 .
282 1929 473 1966 Eumenes
488 1927 690 1966 Craterum
708 1943 753 1966 ex
784 1933 866 1967 acie
895 1929 1126 1967 semivivum
1152 1931 1234 1967 ela-

77 1998 162 2024 tum
180 1997 344 2022 recreare
361 1982 501 2020 studuit
519 2010 527 2018 .
566 1981 665 2019 Cum
683 1983 720 2020 id
738 1997 813 2020 non
844 1982 964 2035 posset
981 2007 993 2029 ,
1023 1997 1091 2035 pro
1108 1983 1235 2020 homi-

79 2041 141 2077 nis
158 2039 351 2089 dignitate
370 2061 383 2082 ,
401 2050 545 2088 proque
560 2035 714 2087 pristina
732 2039 902 2074 amicitia
921 2061 934 2083 ,
950 2038 965 2086 (
981 2050 1147 2088 namque
1164 2038 1235 2074 illo

81 2091 167 2132 usus
182 2102 262 2130 erat
279 2114 293 2138 ‚
320 2089 550 2130 Alexandro
567 2092 659 2129 vivo
677 2114 690 2138 ,
718 2089 1000 2181 salmiliariter)
1026 2091 1158 2141 amplo
1175 2090 1237 2128 fu-

874 2175 879 2182 .
1104 2158 1193 2183 nere
