<?xml version="1.0" encoding="UTF-8"?>
<!DOCTYPE html PUBLIC "-//W3C//DTD XHTML 1.0 Transitional//EN"
    "http://www.w3.org/TR/xhtml1/DTD/xhtml1-transitional.dtd">
<html xmlns="http://www.w3.org/1999/xhtml" xml:lang="en" lang="en">
 <head>
  <title>
</title>
<meta http-equiv="Content-Type" content="text/html;charset=utf-8" />
  <meta name='ocr-system' content='tesseract 3.04.00' />
  <meta name='ocr-capabilities' content='ocr_page ocr_carea ocr_par ocr_line ocrx_word'/>
</head>
<body>
  <div class='ocr_page' id='page_1' title='image "./quaeexstantomnia00nepouoft_0047.png"; bbox 0 0 1714 2719; ppageno 0'>
   <div class='ocr_carea' id='block_1_1' title="bbox 322 156 1168 211">
    <p class='ocr_par' dir='ltr' id='par_1_1' title="bbox 322 156 1168 211">
     <span class='ocr_line' id='line_1_1' title="bbox 322 156 1168 211; baseline -0.001 -12"><span class='ocrx_word' id='word_1_1' title='bbox 322 156 870 199; x_wconf 69' lang='grc' dir='ltr'>Μιιτιᾼοῑς.</span> <span class='ocrx_word' id='word_1_2' title='bbox 951 162 982 200; x_wconf 87' lang='lat'>1.</span> <span class='ocrx_word' id='word_1_3' title='bbox 1147 176 1168 211; x_wconf 78' lang='lat'><strong><em>⁷</em></strong></span> 
     </span>
    </p>
   </div>
   <div class='ocr_carea' id='block_1_2' title="bbox 0 238 1230 2057">
    <p class='ocr_par' dir='ltr' id='par_1_2' title="bbox 54 238 1223 720">
     <span class='ocr_line' id='line_1_2' title="bbox 54 238 1221 298; baseline 0 -18"><span class='ocrx_word' id='word_1_4' title='bbox 54 238 243 298; x_wconf 67' lang='lat' dir='ltr'>potestate</span> <span class='ocrx_word' id='word_1_5' title='bbox 258 239 432 291; x_wconf 85' lang='lat' dir='ltr'>expulsos</span> <span class='ocrx_word' id='word_1_6' title='bbox 449 239 597 277; x_wconf 85' lang='lat' dir='ltr'>civibus</span> <span class='ocrx_word' id='word_1_7' title='bbox 624 238 697 276; x_wconf 82' lang='lat' dir='ltr'>suis</span> <span class='ocrx_word' id='word_1_8' title='bbox 728 252 856 289; x_wconf 70' lang='lat' dir='ltr'>poenas</span> <span class='ocrx_word' id='word_1_9' title='bbox 872 240 1028 278; x_wconf 81' lang='lat' dir='ltr'>daturos</span> <span class='ocrx_word' id='word_1_10' title='bbox 1045 268 1053 276; x_wconf 93' lang='lat'><strong>.</strong></span> <span class='ocrx_word' id='word_1_11' title='bbox 1084 240 1221 295; x_wconf 81' lang='lat' dir='ltr'>Itaque</span> 
     </span>
     <span class='ocr_line' id='line_1_3' title="bbox 55 292 1219 346; baseline 0 -10"><span class='ocrx_word' id='word_1_12' title='bbox 55 299 152 336; x_wconf 81' lang='lat' dir='ltr'>adeo</span> <span class='ocrx_word' id='word_1_13' title='bbox 170 294 204 333; x_wconf 92' lang='lat' dir='ltr'>se</span> <span class='ocrx_word' id='word_1_14' title='bbox 219 295 419 332; x_wconf 87' lang='lat' dir='ltr'>abhorrere</span> <span class='ocrx_word' id='word_1_15' title='bbox 443 306 463 329; x_wconf 88' lang='lat' dir='ltr'>a</span> <span class='ocrx_word' id='word_1_16' title='bbox 480 305 690 330; x_wconf 85' lang='lat' dir='ltr'>ceterorum</span> <span class='ocrx_word' id='word_1_17' title='bbox 707 292 865 330; x_wconf 83' lang='lat' dir='ltr'>consilio</span> <span class='ocrx_word' id='word_1_18' title='bbox 882 317 895 338; x_wconf 83' lang='lat'><strong>‚</strong></span> <span class='ocrx_word' id='word_1_19' title='bbox 924 306 964 331; x_wconf 93' lang='lat' dir='ltr'>ut</span> <span class='ocrx_word' id='word_1_20' title='bbox 982 295 1079 331; x_wconf 91' lang='lat' dir='ltr'>nihil</span> <span class='ocrx_word' id='word_1_21' title='bbox 1110 310 1219 346; x_wconf 83' lang='lat' dir='ltr'>putet</span> 
     </span>
     <span class='ocr_line' id='line_1_4' title="bbox 60 346 1223 403; baseline -0.001 -14"><span class='ocrx_word' id='word_1_22' title='bbox 60 351 147 403; x_wconf 85' lang='lat' dir='ltr'>ipsis</span> <span class='ocrx_word' id='word_1_23' title='bbox 167 349 299 386; x_wconf 85' lang='lat' dir='ltr'>utilius</span> <span class='ocrx_word' id='word_1_24' title='bbox 313 371 325 391; x_wconf 80' lang='lat'>‚</span> <span class='ocrx_word' id='word_1_25' title='bbox 343 360 455 398; x_wconf 88' lang='lat' dir='ltr'>quam</span> <span class='ocrx_word' id='word_1_26' title='bbox 473 346 691 384; x_wconf 79' lang='lat' dir='ltr'>confirmari</span> <span class='ocrx_word' id='word_1_27' title='bbox 709 360 865 397; x_wconf 78' lang='lat' dir='ltr'>regnum</span> <span class='ocrx_word' id='word_1_28' title='bbox 884 346 1100 385; x_wconf 82' lang='lat' dir='ltr'>Persarum.</span> <span class='ocrx_word' id='word_1_29' title='bbox 1134 349 1223 388; x_wconf 86' lang='lat' dir='ltr'>Hu-</span> 
     </span>
     <span class='ocr_line' id='line_1_5' title="bbox 58 399 1223 457; baseline 0.002 -16"><span class='ocrx_word' id='word_1_30' title='bbox 58 407 118 457; x_wconf 78' lang='lat' dir='ltr'>jus</span> <span class='ocrx_word' id='word_1_31' title='bbox 135 416 218 441; x_wconf 88' lang='lat' dir='ltr'>cum</span> <span class='ocrx_word' id='word_1_32' title='bbox 247 401 475 439; x_wconf 68' lang='lat' dir='ltr'>sententiam</span> <span class='ocrx_word' id='word_1_33' title='bbox 506 401 661 450; x_wconf 79' lang='lat' dir='ltr'>plurimi</span> <span class='ocrx_word' id='word_1_34' title='bbox 691 399 808 437; x_wconf 69' lang='lat' dir='ltr'>ess&#39;ent</span> <span class='ocrx_word' id='word_1_35' title='bbox 838 399 984 447; x_wconf 86' lang='lat' dir='ltr'>secuti,</span> <span class='ocrx_word' id='word_1_36' title='bbox 1014 401 1223 443; x_wconf 79' lang='lat' dir='ltr'>Miltiades</span> 
     </span>
     <span class='ocr_line' id='line_1_6' title="bbox 62 453 1222 505; baseline 0 -10"><span class='ocrx_word' id='word_1_37' title='bbox 62 472 139 496; x_wconf 85' lang='lat' dir='ltr'>non</span> <span class='ocrx_word' id='word_1_38' title='bbox 157 456 332 493; x_wconf 87' lang='lat' dir='ltr'>dubitans</span> <span class='ocrx_word' id='word_1_39' title='bbox 349 478 364 500; x_wconf 83' lang='lat'>,</span> <span class='ocrx_word' id='word_1_40' title='bbox 392 467 471 492; x_wconf 84' lang='lat' dir='ltr'>tam</span> <span class='ocrx_word' id='word_1_41' title='bbox 488 454 623 491; x_wconf 90' lang='lat' dir='ltr'>multis</span> <span class='ocrx_word' id='word_1_42' title='bbox 640 453 800 491; x_wconf 86' lang='lat' dir='ltr'>consciis</span> <span class='ocrx_word' id='word_1_43' title='bbox 815 454 861 490; x_wconf 84' lang='lat' dir='ltr'>ad</span> <span class='ocrx_word' id='word_1_44' title='bbox 881 457 978 505; x_wconf 87' lang='lat' dir='ltr'>regis</span> <span class='ocrx_word' id='word_1_45' title='bbox 1007 469 1115 494; x_wconf 81' lang='lat' dir='ltr'>aures</span> <span class='ocrx_word' id='word_1_46' title='bbox 1131 472 1222 495; x_wconf 71' lang='lat' dir='ltr'>con-</span> 
     </span>
     <span class='ocr_line' id='line_1_7' title="bbox 64 506 1218 559; baseline 0.001 -11"><span class='ocrx_word' id='word_1_47' title='bbox 64 512 143 549; x_wconf 86' lang='lat' dir='ltr'>silia</span> <span class='ocrx_word' id='word_1_48' title='bbox 162 509 220 546; x_wconf 84' lang='lat' dir='ltr'>sua</span> <span class='ocrx_word' id='word_1_49' title='bbox 240 521 465 559; x_wconf 84' lang='lat' dir='ltr'>perventura</span> <span class='ocrx_word' id='word_1_50' title='bbox 484 531 497 553; x_wconf 83' lang='lat'>,</span> <span class='ocrx_word' id='word_1_51' title='bbox 525 506 802 545; x_wconf 84' lang='lat' dir='ltr'>Chersonesum</span> <span class='ocrx_word' id='word_1_52' title='bbox 819 507 977 558; x_wconf 82' lang='lat' dir='ltr'>reliquit</span> <span class='ocrx_word' id='word_1_53' title='bbox 994 533 1008 554; x_wconf 87' lang='lat'>,</span> <span class='ocrx_word' id='word_1_54' title='bbox 1035 523 1077 546; x_wconf 87' lang='lat' dir='ltr'>ac</span> <span class='ocrx_word' id='word_1_55' title='bbox 1094 510 1218 549; x_wconf 85' lang='lat' dir='ltr'>rursus</span> 
     </span>
     <span class='ocr_line' id='line_1_8' title="bbox 62 560 1221 613; baseline 0 -11"><span class='ocrx_word' id='word_1_56' title='bbox 62 564 238 602; x_wconf 77' lang='lat' dir='ltr'>Athenas</span> <span class='ocrx_word' id='word_1_57' title='bbox 252 564 479 613; x_wconf 84' lang='lat' dir='ltr'>demigravit</span> <span class='ocrx_word' id='word_1_58' title='bbox 497 589 507 596; x_wconf 88' lang='lat'>.</span> <span class='ocrx_word' id='word_1_59' title='bbox 535 560 655 612; x_wconf 77' lang='lat' dir='ltr'>Cujus</span> <span class='ocrx_word' id='word_1_60' title='bbox 673 564 775 598; x_wconf 87' lang='lat' dir='ltr'>ratio</span> <span class='ocrx_word' id='word_1_61' title='bbox 789 560 855 598; x_wconf 82' lang='lat' dir='ltr'>etsi</span> <span class='ocrx_word' id='word_1_62' title='bbox 884 575 960 598; x_wconf 90' lang='lat' dir='ltr'>non</span> <span class='ocrx_word' id='word_1_63' title='bbox 981 562 1103 600; x_wconf 89' lang='lat' dir='ltr'>valuit</span> <span class='ocrx_word' id='word_1_64' title='bbox 1121 587 1134 609; x_wconf 80' lang='lat'>,</span> <span class='ocrx_word' id='word_1_65' title='bbox 1162 577 1221 602; x_wconf 89' lang='lat' dir='ltr'>ta-</span> 
     </span>
     <span class='ocr_line' id='line_1_9' title="bbox 63 615 1220 668; baseline 0.001 -14"><span class='ocrx_word' id='word_1_66' title='bbox 63 632 150 654; x_wconf 88' lang='lat' dir='ltr'>men</span> <span class='ocrx_word' id='word_1_67' title='bbox 180 629 406 668; x_wconf 82' lang='lat' dir='ltr'>magnopere</span> <span class='ocrx_word' id='word_1_68' title='bbox 423 615 472 653; x_wconf 88' lang='lat' dir='ltr'>est</span> <span class='ocrx_word' id='word_1_69' title='bbox 504 615 691 652; x_wconf 85' lang='lat' dir='ltr'>laudanda</span> <span class='ocrx_word' id='word_1_70' title='bbox 712 639 729 659; x_wconf 75' lang='grc'>,</span> <span class='ocrx_word' id='word_1_71' title='bbox 755 628 841 652; x_wconf 85' lang='lat' dir='ltr'>cum</span> <span class='ocrx_word' id='word_1_72' title='bbox 870 618 1028 653; x_wconf 84' lang='lat' dir='ltr'>amicior</span> <span class='ocrx_word' id='word_1_73' title='bbox 1044 620 1220 656; x_wconf 89' lang='lat' dir='ltr'>omnium</span> 
     </span>
     <span class='ocr_line' id='line_1_10' title="bbox 62 668 928 720; baseline -0.003 -13"><span class='ocrx_word' id='word_1_74' title='bbox 62 671 234 707; x_wconf 78' lang='lat' dir='ltr'>libertati</span> <span class='ocrx_word' id='word_1_75' title='bbox 253 693 265 712; x_wconf 61' lang='grc' dir='ltr'>ι,</span> <span class='ocrx_word' id='word_1_76' title='bbox 297 683 407 720; x_wconf 84' lang='lat' dir='ltr'>quam</span> <span class='ocrx_word' id='word_1_77' title='bbox 427 669 495 706; x_wconf 79' lang='lat' dir='ltr'>suae</span> <span class='ocrx_word' id='word_1_78' title='bbox 512 668 628 706; x_wconf 87' lang='lat' dir='ltr'>suerit</span> <span class='ocrx_word' id='word_1_79' title='bbox 644 669 900 705; x_wconf 81' lang='lat' dir='ltr'>dominationi</span> <span class='ocrx_word' id='word_1_80' title='bbox 920 696 928 704; x_wconf 93' lang='lat'><strong>.</strong></span> 
     </span>
    </p>

    <p class='ocr_par' dir='ltr' id='par_1_3' title="bbox 0 721 1230 2057">
     <span class='ocr_line' id='line_1_11' title="bbox 112 721 1226 774; baseline 0.003 -14"><span class='ocrx_word' id='word_1_81' title='bbox 112 723 184 760; x_wconf 89' lang='lat' dir='ltr'>IV.</span> <span class='ocrx_word' id='word_1_82' title='bbox 215 722 359 760; x_wconf 73' lang='lat' dir='ltr'>Darius</span> <span class='ocrx_word' id='word_1_83' title='bbox 375 735 501 760; x_wconf 82' lang='lat' dir='ltr'>autem</span> <span class='ocrx_word' id='word_1_84' title='bbox 520 745 534 767; x_wconf 75' lang='lat'>‚</span> <span class='ocrx_word' id='word_1_85' title='bbox 562 736 646 774; x_wconf 76' lang='lat' dir='ltr'>cuni</span> <span class='ocrx_word' id='word_1_86' title='bbox 664 735 707 758; x_wconf 82' lang='lat' dir='ltr'>ex</span> <span class='ocrx_word' id='word_1_87' title='bbox 727 721 877 772; x_wconf 83' lang='lat' dir='ltr'>Europa</span> <span class='ocrx_word' id='word_1_88' title='bbox 895 725 933 759; x_wconf 88' lang='lat' dir='ltr'>in</span> <span class='ocrx_word' id='word_1_89' title='bbox 950 721 1082 760; x_wconf 65' lang='lat' dir='ltr'>Asiam</span> <span class='ocrx_word' id='word_1_90' title='bbox 1108 725 1226 763; x_wconf 89' lang='lat' dir='ltr'>redis-</span> 
     </span>
     <span class='ocr_line' id='line_1_12' title="bbox 59 774 1221 827; baseline 0.001 -12"><span class='ocrx_word' id='word_1_91' title='bbox 59 777 114 816; x_wconf 83' lang='lat' dir='ltr'>set</span> <span class='ocrx_word' id='word_1_92' title='bbox 132 801 146 823; x_wconf 82' lang='lat'>‚</span> <span class='ocrx_word' id='word_1_93' title='bbox 163 777 402 814; x_wconf 83' lang='lat' dir='ltr'>hortantibus</span> <span class='ocrx_word' id='word_1_94' title='bbox 419 779 551 813; x_wconf 84' lang='lat' dir='ltr'>amicis</span> <span class='ocrx_word' id='word_1_95' title='bbox 569 800 582 819; x_wconf 77' lang='lat'>‚</span> <span class='ocrx_word' id='word_1_96' title='bbox 601 787 640 813; x_wconf 90' lang='lat' dir='ltr'>ut</span> <span class='ocrx_word' id='word_1_97' title='bbox 655 774 844 812; x_wconf 79' lang='lat' dir='ltr'>Graeciam</span> <span class='ocrx_word' id='word_1_98' title='bbox 860 776 1043 827; x_wconf 86' lang='lat' dir='ltr'>redigeret</span> <span class='ocrx_word' id='word_1_99' title='bbox 1060 781 1098 815; x_wconf 90' lang='lat' dir='ltr'>in</span> <span class='ocrx_word' id='word_1_100' title='bbox 1116 778 1221 816; x_wconf 83' lang='lat' dir='ltr'>suam</span> 
     </span>
     <span class='ocr_line' id='line_1_13' title="bbox 60 829 1226 882; baseline 0.001 -14"><span class='ocrx_word' id='word_1_101' title='bbox 60 830 287 882; x_wconf 83' lang='lat' dir='ltr'>potestatem</span> <span class='ocrx_word' id='word_1_102' title='bbox 308 854 320 873; x_wconf 74' lang='grc'>,</span> <span class='ocrx_word' id='word_1_103' title='bbox 351 829 500 867; x_wconf 81' lang='lat' dir='ltr'>claisem</span> <span class='ocrx_word' id='word_1_104' title='bbox 520 832 814 881; x_wconf 85' lang='lat' dir='ltr'>quingentarum</span> <span class='ocrx_word' id='word_1_105' title='bbox 844 832 1000 866; x_wconf 89' lang='lat' dir='ltr'>navium</span> <span class='ocrx_word' id='word_1_106' title='bbox 1025 845 1226 882; x_wconf 86' lang='lat' dir='ltr'>compara-</span> 
     </span>
     <span class='ocr_line' id='line_1_14' title="bbox 62 882 1224 936; baseline 0.002 -15"><span class='ocrx_word' id='word_1_107' title='bbox 62 887 120 922; x_wconf 87' lang='lat' dir='ltr'>vit</span> <span class='ocrx_word' id='word_1_108' title='bbox 137 907 150 928; x_wconf 81' lang='lat'>‚</span> <span class='ocrx_word' id='word_1_109' title='bbox 179 886 287 934; x_wconf 88' lang='lat' dir='ltr'>eique</span> <span class='ocrx_word' id='word_1_110' title='bbox 312 882 451 920; x_wconf 82' lang='lat' dir='ltr'>Datim</span> <span class='ocrx_word' id='word_1_111' title='bbox 481 882 648 933; x_wconf 77' lang='lat' dir='ltr'>praefecit</span> <span class='ocrx_word' id='word_1_112' title='bbox 675 883 710 919; x_wconf 77' lang='grc' dir='ltr'>ὅ(</span> <span class='ocrx_word' id='word_1_113' title='bbox 743 883 1028 933; x_wconf 80' lang='lat' dir='ltr'>Artaphernem</span> <span class='ocrx_word' id='word_1_114' title='bbox 1046 909 1059 929; x_wconf 88' lang='lat'>‚</span> <span class='ocrx_word' id='word_1_115' title='bbox 1088 884 1224 936; x_wconf 86' lang='lat' dir='ltr'>hisque</span> 
     </span>
     <span class='ocr_line' id='line_1_15' title="bbox 58 937 1222 986; baseline 0.001 -12"><span class='ocrx_word' id='word_1_116' title='bbox 58 939 219 974; x_wconf 84' lang='lat' dir='ltr'>ducenta</span> <span class='ocrx_word' id='word_1_117' title='bbox 239 937 410 986; x_wconf 88' lang='lat' dir='ltr'>peditum</span> <span class='ocrx_word' id='word_1_118' title='bbox 427 937 571 980; x_wconf 84' lang='lat' dir='ltr'>millia,</span> <span class='ocrx_word' id='word_1_119' title='bbox 583 937 618 971; x_wconf 74' lang='grc' dir='ltr'>ὃ(</span> <span class='ocrx_word' id='word_1_120' title='bbox 635 937 763 973; x_wconf 82' lang='lat' dir='ltr'>decem</span> <span class='ocrx_word' id='word_1_121' title='bbox 780 938 952 986; x_wconf 89' lang='lat' dir='ltr'>equitum</span> <span class='ocrx_word' id='word_1_122' title='bbox 969 937 1093 983; x_wconf 84' lang='lat' dir='ltr'>dedit,</span> <span class='ocrx_word' id='word_1_123' title='bbox 1110 937 1222 975; x_wconf 83' lang='lat' dir='ltr'>caus-</span> 
     </span>
     <span class='ocr_line' id='line_1_16' title="bbox 0 988 1222 1041; baseline 0.002 -14"><span class='ocrx_word' id='word_1_124' title='bbox 0 999 1 1009; x_wconf 67' lang='lat'><em>*</em></span> <span class='ocrx_word' id='word_1_125' title='bbox 57 989 136 1028; x_wconf 86' lang='lat' dir='ltr'>sam</span> <span class='ocrx_word' id='word_1_126' title='bbox 155 988 380 1026; x_wconf 89' lang='lat' dir='ltr'>interserens</span> <span class='ocrx_word' id='word_1_127' title='bbox 397 988 432 1025; x_wconf 91' lang='lat' dir='ltr'>se</span> <span class='ocrx_word' id='word_1_128' title='bbox 448 988 590 1026; x_wconf 85' lang='lat' dir='ltr'>hostem</span> <span class='ocrx_word' id='word_1_129' title='bbox 605 988 678 1026; x_wconf 83' lang='lat' dir='ltr'>esse</span> <span class='ocrx_word' id='word_1_130' title='bbox 694 988 991 1026; x_wconf 81' lang='lat' dir='ltr'>Atheniensibus</span> <span class='ocrx_word' id='word_1_131' title='bbox 1007 1013 1020 1034; x_wconf 91' lang='lat'>,</span> <span class='ocrx_word' id='word_1_132' title='bbox 1038 992 1138 1041; x_wconf 89' lang='lat' dir='ltr'>quod</span> <span class='ocrx_word' id='word_1_133' title='bbox 1155 1006 1222 1029; x_wconf 80' lang='lat' dir='ltr'>eo·</span> 
     </span>
     <span class='ocr_line' id='line_1_17' title="bbox 0 1040 1220 1094; baseline 0.002 -15"><span class='ocrx_word' id='word_1_134' title='bbox 0 1044 1 1074; x_wconf 73' lang='grc' dir='ltr'>ἶ</span> <span class='ocrx_word' id='word_1_135' title='bbox 58 1057 139 1080; x_wconf 86' lang='lat' dir='ltr'>rum</span> <span class='ocrx_word' id='word_1_136' title='bbox 156 1042 302 1079; x_wconf 84' lang='lat' dir='ltr'>auxilio</span> <span class='ocrx_word' id='word_1_137' title='bbox 318 1040 429 1079; x_wconf 86' lang='lat' dir='ltr'>Iones</span> <span class='ocrx_word' id='word_1_138' title='bbox 460 1043 585 1078; x_wconf 88' lang='lat' dir='ltr'>Sardis</span> <span class='ocrx_word' id='word_1_139' title='bbox 603 1041 878 1094; x_wconf 74' lang='lat' dir='ltr'>expugnassent</span> <span class='ocrx_word' id='word_1_140' title='bbox 895 1065 908 1087; x_wconf 86' lang='lat'>‚</span> <span class='ocrx_word' id='word_1_141' title='bbox 938 1040 1078 1094; x_wconf 90' lang='lat' dir='ltr'>suaque</span> <span class='ocrx_word' id='word_1_142' title='bbox 1095 1045 1220 1094; x_wconf 80' lang='lat' dir='ltr'>praesi-</span> 
     </span>
     <span class='ocr_line' id='line_1_18' title="bbox 59 1093 1223 1147; baseline 0.003 -13"><span class='ocrx_word' id='word_1_143' title='bbox 59 1099 119 1135; x_wconf 88' lang='lat' dir='ltr'>dia</span> <span class='ocrx_word' id='word_1_144' title='bbox 139 1094 410 1133; x_wconf 79' lang='lat' dir='ltr'>interfecissent</span> <span class='ocrx_word' id='word_1_145' title='bbox 429 1123 438 1130; x_wconf 92' lang='lat'>.</span> <span class='ocrx_word' id='word_1_146' title='bbox 468 1093 535 1131; x_wconf 87' lang='lat' dir='ltr'>Illi</span> <span class='ocrx_word' id='word_1_147' title='bbox 553 1093 718 1145; x_wconf 65' lang='lat' dir='ltr'>praeseth</span> <span class='ocrx_word' id='word_1_148' title='bbox 733 1097 828 1147; x_wconf 84' lang='lat' dir='ltr'>regii</span> <span class='ocrx_word' id='word_1_149' title='bbox 843 1094 955 1133; x_wconf 79' lang='lat' dir='ltr'>classe</span> <span class='ocrx_word' id='word_1_150' title='bbox 969 1098 1017 1133; x_wconf 85' lang='lat' dir='ltr'>ad</span> <span class='ocrx_word' id='word_1_151' title='bbox 1033 1095 1223 1138; x_wconf 84' lang='lat' dir='ltr'>Euboeam</span> 
     </span>
     <span class='ocr_line' id='line_1_19' title="bbox 60 1147 1228 1201; baseline 0.003 -15"><span class='ocrx_word' id='word_1_152' title='bbox 60 1149 215 1201; x_wconf 89' lang='lat' dir='ltr'>appulsa</span> <span class='ocrx_word' id='word_1_153' title='bbox 246 1149 418 1187; x_wconf 87' lang='lat' dir='ltr'>celeriter</span> <span class='ocrx_word' id='word_1_154' title='bbox 447 1147 636 1186; x_wconf 84' lang='lat' dir='ltr'>Eretriam</span> <span class='ocrx_word' id='word_1_155' title='bbox 666 1162 847 1201; x_wconf 83' lang='lat' dir='ltr'>ceperunt</span> <span class='ocrx_word' id='word_1_156' title='bbox 863 1173 876 1195; x_wconf 82' lang='lat'><strong>‚</strong></span> <span class='ocrx_word' id='word_1_157' title='bbox 911 1149 1116 1201; x_wconf 88' lang='lat' dir='ltr'>omnesque</span> <span class='ocrx_word' id='word_1_158' title='bbox 1143 1153 1228 1201; x_wconf 71' lang='lat' dir='ltr'>ejus</span> 
     </span>
     <span class='ocr_line' id='line_1_20' title="bbox 60 1201 1230 1255; baseline 0.003 -15"><span class='ocrx_word' id='word_1_159' title='bbox 60 1205 184 1255; x_wconf 84' lang='lat' dir='ltr'>gentis</span> <span class='ocrx_word' id='word_1_160' title='bbox 200 1206 303 1240; x_wconf 86' lang='lat' dir='ltr'>cives</span> <span class='ocrx_word' id='word_1_161' title='bbox 317 1203 493 1254; x_wconf 79' lang='lat' dir='ltr'>abreptos</span> <span class='ocrx_word' id='word_1_162' title='bbox 514 1205 552 1238; x_wconf 90' lang='lat' dir='ltr'>in</span> <span class='ocrx_word' id='word_1_163' title='bbox 570 1201 702 1239; x_wconf 80' lang='lat' dir='ltr'>Asiam</span> <span class='ocrx_word' id='word_1_164' title='bbox 717 1203 764 1238; x_wconf 86' lang='lat' dir='ltr'>ad</span> <span class='ocrx_word' id='word_1_165' title='bbox 782 1216 909 1254; x_wconf 84' lang='lat' dir='ltr'>regem</span> <span class='ocrx_word' id='word_1_166' title='bbox 924 1202 1108 1242; x_wconf 83' lang='lat' dir='ltr'>miseruut</span> <span class='ocrx_word' id='word_1_167' title='bbox 1120 1233 1128 1241; x_wconf 90' lang='lat'><strong>.</strong></span> <span class='ocrx_word' id='word_1_168' title='bbox 1158 1204 1230 1243; x_wconf 87' lang='lat' dir='ltr'>In-</span> 
     </span>
     <span class='ocr_line' id='line_1_21' title="bbox 60 1255 1228 1310; baseline 0.003 -16"><span class='ocrx_word' id='word_1_169' title='bbox 60 1259 107 1294; x_wconf 89' lang='lat' dir='ltr'>de</span> <span class='ocrx_word' id='word_1_170' title='bbox 121 1258 166 1293; x_wconf 83' lang='lat' dir='ltr'>ad</span> <span class='ocrx_word' id='word_1_171' title='bbox 184 1255 359 1294; x_wconf 84' lang='lat' dir='ltr'>Atticam</span> <span class='ocrx_word' id='word_1_172' title='bbox 390 1255 616 1294; x_wconf 72' lang='lat' dir='ltr'>acceil‘erunt</span> <span class='ocrx_word' id='word_1_173' title='bbox 635 1280 648 1300; x_wconf 88' lang='lat'>‚</span> <span class='ocrx_word' id='word_1_174' title='bbox 677 1270 721 1293; x_wconf 92' lang='lat' dir='ltr'>ac</span> <span class='ocrx_word' id='word_1_175' title='bbox 737 1255 819 1293; x_wconf 85' lang='lat' dir='ltr'>suas</span> <span class='ocrx_word' id='word_1_176' title='bbox 835 1259 964 1307; x_wconf 88' lang='lat' dir='ltr'>copias</span> <span class='ocrx_word' id='word_1_177' title='bbox 982 1260 1020 1294; x_wconf 88' lang='lat' dir='ltr'>in</span> <span class='ocrx_word' id='word_1_178' title='bbox 1047 1272 1228 1310; x_wconf 87' lang='lat' dir='ltr'>campum</span> 
     </span>
     <span class='ocr_line' id='line_1_22' title="bbox 58 1308 1224 1362; baseline 0.004 -16"><span class='ocrx_word' id='word_1_179' title='bbox 58 1309 292 1347; x_wconf 81' lang='lat' dir='ltr'>Marathona</span> <span class='ocrx_word' id='word_1_180' title='bbox 323 1310 558 1347; x_wconf 82' lang='lat' dir='ltr'>deduxerunt</span> <span class='ocrx_word' id='word_1_181' title='bbox 576 1337 585 1344; x_wconf 89' lang='lat'><em>.</em></span> <span class='ocrx_word' id='word_1_182' title='bbox 625 1308 661 1347; x_wconf 82' lang='lat' dir='ltr'>Is</span> <span class='ocrx_word' id='word_1_183' title='bbox 692 1308 795 1346; x_wconf 84' lang='lat' dir='ltr'>abest</span> <span class='ocrx_word' id='word_1_184' title='bbox 819 1309 867 1347; x_wconf 90' lang='lat' dir='ltr'>ab</span> <span class='ocrx_word' id='word_1_185' title='bbox 896 1311 1041 1362; x_wconf 89' lang='lat' dir='ltr'>oppido</span> <span class='ocrx_word' id='word_1_186' title='bbox 1069 1315 1224 1351; x_wconf 87' lang='lat' dir='ltr'>circiter</span> 
     </span>
     <span class='ocr_line' id='line_1_23' title="bbox 58 1360 1222 1414; baseline 0.004 -14"><span class='ocrx_word' id='word_1_187' title='bbox 58 1364 183 1401; x_wconf 88' lang='lat' dir='ltr'>millia</span> <span class='ocrx_word' id='word_1_188' title='bbox 201 1362 370 1414; x_wconf 80' lang='lat' dir='ltr'>passuum</span> <span class='ocrx_word' id='word_1_189' title='bbox 386 1364 514 1401; x_wconf 88' lang='lat' dir='ltr'>decem</span> <span class='ocrx_word' id='word_1_190' title='bbox 531 1389 540 1398; x_wconf 91' lang='lat'><strong>.</strong></span> <span class='ocrx_word' id='word_1_191' title='bbox 572 1360 660 1401; x_wconf 89' lang='lat' dir='ltr'>Hoc</span> <span class='ocrx_word' id='word_1_192' title='bbox 676 1363 847 1401; x_wconf 86' lang='lat' dir='ltr'>tumultu</span> <span class='ocrx_word' id='word_1_193' title='bbox 864 1362 1121 1404; x_wconf 85' lang='lat' dir='ltr'>Athenienses</span> <span class='ocrx_word' id='word_1_194' title='bbox 1138 1377 1222 1405; x_wconf 86' lang='lat' dir='ltr'>tam</span> 
     </span>
     <span class='ocr_line' id='line_1_24' title="bbox 56 1418 1222 1471; baseline 0.004 -18"><span class='ocrx_word' id='word_1_195' title='bbox 56 1421 273 1468; x_wconf 88' lang='lat' dir='ltr'>propinquo</span> <span class='ocrx_word' id='word_1_196' title='bbox 289 1429 442 1468; x_wconf 85' lang='lat' dir='ltr'>tamque</span> <span class='ocrx_word' id='word_1_197' title='bbox 459 1431 598 1468; x_wconf 80' lang='lat' dir='ltr'>magno</span> <span class='ocrx_word' id='word_1_198' title='bbox 614 1419 778 1467; x_wconf 89' lang='lat' dir='ltr'>permoti</span> <span class='ocrx_word' id='word_1_199' title='bbox 796 1440 808 1461; x_wconf 84' lang='lat'>‚</span> <span class='ocrx_word' id='word_1_200' title='bbox 826 1418 1016 1454; x_wconf 82' lang='lat' dir='ltr'>auxilium</span> <span class='ocrx_word' id='word_1_201' title='bbox 1033 1419 1222 1471; x_wconf 76' lang='lat' dir='ltr'>nusquam</span> 
     </span>
     <span class='ocr_line' id='line_1_25' title="bbox 57 1469 1222 1524; baseline 0.004 -17"><span class='ocrx_word' id='word_1_202' title='bbox 57 1469 125 1507; x_wconf 86' lang='lat' dir='ltr'>nisi</span> <span class='ocrx_word' id='word_1_203' title='bbox 142 1484 161 1507; x_wconf 89' lang='lat' dir='ltr'>a</span> <span class='ocrx_word' id='word_1_204' title='bbox 181 1469 477 1508; x_wconf 81' lang='lat' dir='ltr'>Lacedaemoniis</span> <span class='ocrx_word' id='word_1_205' title='bbox 494 1473 713 1522; x_wconf 86' lang='lat' dir='ltr'>petiverunt</span> <span class='ocrx_word' id='word_1_206' title='bbox 726 1495 739 1516; x_wconf 83' lang='lat'>,</span> <span class='ocrx_word' id='word_1_207' title='bbox 771 1469 1109 1524; x_wconf 86' lang='lat' dir='ltr'>Philippidemque</span> <span class='ocrx_word' id='word_1_208' title='bbox 1133 1489 1222 1512; x_wconf 89' lang='lat' dir='ltr'>cur-</span> 
     </span>
     <span class='ocr_line' id='line_1_26' title="bbox 56 1523 1224 1576; baseline 0.003 -14"><span class='ocrx_word' id='word_1_209' title='bbox 56 1523 178 1563; x_wconf 82' lang='lat' dir='ltr'>sorem</span> <span class='ocrx_word' id='word_1_210' title='bbox 195 1526 274 1575; x_wconf 83' lang='lat' dir='ltr'>ejus</span> <span class='ocrx_word' id='word_1_211' title='bbox 289 1527 436 1575; x_wconf 88' lang='lat' dir='ltr'>generis</span> <span class='ocrx_word' id='word_1_212' title='bbox 452 1527 517 1576; x_wconf 90' lang='lat' dir='ltr'>qui</span> <span class='ocrx_word' id='word_1_213' title='bbox 547 1525 827 1562; x_wconf 85' lang='lat' dir='ltr'>hemerodromi</span> <span class='ocrx_word' id='word_1_214' title='bbox 854 1537 1039 1563; x_wconf 87' lang='lat' dir='ltr'>vocantur</span> <span class='ocrx_word' id='word_1_215' title='bbox 1054 1550 1068 1569; x_wconf 78' lang='lat'>,</span> <span class='ocrx_word' id='word_1_216' title='bbox 1098 1529 1224 1566; x_wconf 87' lang='lat' dir='ltr'>Lace-</span> 
     </span>
     <span class='ocr_line' id='line_1_27' title="bbox 56 1577 1220 1632; baseline 0.003 -17"><span class='ocrx_word' id='word_1_217' title='bbox 56 1578 266 1615; x_wconf 81' lang='lat' dir='ltr'>daemonem</span> <span class='ocrx_word' id='word_1_218' title='bbox 287 1577 470 1615; x_wconf 88' lang='lat' dir='ltr'>miserunt</span> <span class='ocrx_word' id='word_1_219' title='bbox 488 1603 501 1624; x_wconf 89' lang='lat'>,</span> <span class='ocrx_word' id='word_1_220' title='bbox 530 1590 572 1615; x_wconf 90' lang='lat' dir='ltr'>ut</span> <span class='ocrx_word' id='word_1_221' title='bbox 588 1581 784 1615; x_wconf 87' lang='lat' dir='ltr'>nuntiaret</span> <span class='ocrx_word' id='word_1_222' title='bbox 803 1602 815 1623; x_wconf 90' lang='lat'>,</span> <span class='ocrx_word' id='word_1_223' title='bbox 846 1592 957 1629; x_wconf 85' lang='lat' dir='ltr'>quani</span> <span class='ocrx_word' id='word_1_224' title='bbox 977 1580 1091 1617; x_wconf 89' lang='lat' dir='ltr'>celeri</span> <span class='ocrx_word' id='word_1_225' title='bbox 1122 1594 1220 1632; x_wconf 81' lang='lat' dir='ltr'>opus</span> 
     </span>
     <span class='ocr_line' id='line_1_28' title="bbox 56 1630 1219 1686; baseline 0.003 -17"><span class='ocrx_word' id='word_1_226' title='bbox 56 1631 148 1669; x_wconf 80' lang='lat' dir='ltr'>esset</span> <span class='ocrx_word' id='word_1_227' title='bbox 164 1632 311 1668; x_wconf 89' lang='lat' dir='ltr'>auxilio</span> <span class='ocrx_word' id='word_1_228' title='bbox 328 1659 337 1667; x_wconf 91' lang='lat'><strong>.</strong></span> <span class='ocrx_word' id='word_1_229' title='bbox 367 1630 487 1668; x_wconf 89' lang='lat' dir='ltr'>Domi</span> <span class='ocrx_word' id='word_1_230' title='bbox 503 1644 631 1669; x_wconf 89' lang='lat' dir='ltr'>autem</span> <span class='ocrx_word' id='word_1_231' title='bbox 649 1634 766 1669; x_wconf 80' lang='lat' dir='ltr'>creati</span> <span class='ocrx_word' id='word_1_232' title='bbox 783 1633 913 1670; x_wconf 87' lang='lat' dir='ltr'>decem</span> <span class='ocrx_word' id='word_1_233' title='bbox 931 1644 1104 1683; x_wconf 85' lang='lat' dir='ltr'>praetores</span> <span class='ocrx_word' id='word_1_234' title='bbox 1122 1659 1135 1680; x_wconf 88' lang='lat'><strong><em>‚</em></strong></span> <span class='ocrx_word' id='word_1_235' title='bbox 1152 1637 1219 1686; x_wconf 85' lang='lat' dir='ltr'>qui</span> 
     </span>
     <span class='ocr_line' id='line_1_29' title="bbox 56 1684 1223 1738; baseline -0.001 -15"><span class='ocrx_word' id='word_1_236' title='bbox 56 1687 242 1723; x_wconf 76' lang='lat' dir='ltr'>exercitui</span> <span class='ocrx_word' id='word_1_237' title='bbox 258 1685 449 1735; x_wconf 81' lang='lat' dir='ltr'>praeeffent</span> <span class='ocrx_word' id='word_1_238' title='bbox 468 1700 475 1722; x_wconf 92' lang='lat'><strong>:</strong></span> <span class='ocrx_word' id='word_1_239' title='bbox 505 1688 544 1722; x_wconf 92' lang='lat' dir='ltr'>in</span> <span class='ocrx_word' id='word_1_240' title='bbox 561 1688 616 1723; x_wconf 90' lang='lat' dir='ltr'>eis</span> <span class='ocrx_word' id='word_1_241' title='bbox 640 1684 848 1723; x_wconf 81' lang='lat' dir='ltr'>Miltiades</span> <span class='ocrx_word' id='word_1_242' title='bbox 867 1700 880 1731; x_wconf 61' lang='grc' dir='ltr'>ς</span> <span class='ocrx_word' id='word_1_243' title='bbox 909 1689 1010 1723; x_wconf 87' lang='lat' dir='ltr'>inter</span> <span class='ocrx_word' id='word_1_244' title='bbox 1026 1701 1120 1738; x_wconf 88' lang='lat' dir='ltr'>quos</span> <span class='ocrx_word' id='word_1_245' title='bbox 1136 1702 1223 1726; x_wconf 81' lang='lat' dir='ltr'>ma-</span> 
     </span>
     <span class='ocr_line' id='line_1_30' title="bbox 57 1737 1220 1790; baseline 0.004 -15"><span class='ocrx_word' id='word_1_246' title='bbox 57 1752 129 1790; x_wconf 75' lang='lat' dir='ltr'>gna</span> <span class='ocrx_word' id='word_1_247' title='bbox 146 1737 222 1775; x_wconf 90' lang='lat' dir='ltr'>suit</span> <span class='ocrx_word' id='word_1_248' title='bbox 236 1741 435 1776; x_wconf 89' lang='lat' dir='ltr'>contentio</span> <span class='ocrx_word' id='word_1_249' title='bbox 446 1763 460 1785; x_wconf 84' lang='lat'>,</span> <span class='ocrx_word' id='word_1_250' title='bbox 477 1751 602 1776; x_wconf 87' lang='lat' dir='ltr'>utrum</span> <span class='ocrx_word' id='word_1_251' title='bbox 619 1739 808 1777; x_wconf 81' lang='lat' dir='ltr'>nioenibus</span> <span class='ocrx_word' id='word_1_252' title='bbox 823 1738 860 1777; x_wconf 91' lang='lat' dir='ltr'>se</span> <span class='ocrx_word' id='word_1_253' title='bbox 874 1739 1122 1779; x_wconf 87' lang='lat' dir='ltr'>defenderent</span> <span class='ocrx_word' id='word_1_254' title='bbox 1135 1766 1149 1788; x_wconf 85' lang='lat'>‚</span> <span class='ocrx_word' id='word_1_255' title='bbox 1165 1755 1220 1781; x_wconf 80' lang='lat' dir='ltr'>an</span> 
     </span>
     <span class='ocr_line' id='line_1_31' title="bbox 59 1791 1221 1844; baseline 0.006 -16"><span class='ocrx_word' id='word_1_256' title='bbox 59 1791 210 1829; x_wconf 86' lang='lat' dir='ltr'>obviam</span> <span class='ocrx_word' id='word_1_257' title='bbox 239 1795 336 1829; x_wconf 89' lang='lat' dir='ltr'>irent</span> <span class='ocrx_word' id='word_1_258' title='bbox 372 1792 537 1830; x_wconf 82' lang='lat' dir='ltr'>hostibus</span> <span class='ocrx_word' id='word_1_259' title='bbox 556 1816 570 1838; x_wconf 82' lang='lat'>,</span> <span class='ocrx_word' id='word_1_260' title='bbox 598 1795 754 1844; x_wconf 88' lang='lat' dir='ltr'>acieque</span> <span class='ocrx_word' id='word_1_261' title='bbox 771 1794 1047 1832; x_wconf 85' lang='lat' dir='ltr'>contenderent</span> <span class='ocrx_word' id='word_1_262' title='bbox 1063 1821 1073 1830; x_wconf 83' lang='lat'><strong>.</strong></span> <span class='ocrx_word' id='word_1_263' title='bbox 1103 1794 1221 1835; x_wconf 74' lang='lat' dir='ltr'>Unus</span> 
     </span>
     <span class='ocr_line' id='line_1_32' title="bbox 57 1843 1222 1900; baseline 0.003 -18"><span class='ocrx_word' id='word_1_264' title='bbox 57 1843 264 1883; x_wconf 85' lang='lat' dir='ltr'>Miltiades</span> <span class='ocrx_word' id='word_1_265' title='bbox 279 1848 447 1883; x_wconf 81' lang='lat' dir='ltr'>maxime</span> <span class='ocrx_word' id='word_1_266' title='bbox 462 1846 657 1883; x_wconf 90' lang='lat' dir='ltr'>nitebatur</span> <span class='ocrx_word' id='word_1_267' title='bbox 674 1871 686 1892; x_wconf 88' lang='lat'>,</span> <span class='ocrx_word' id='word_1_268' title='bbox 703 1858 747 1883; x_wconf 86' lang='lat' dir='ltr'>ut</span> <span class='ocrx_word' id='word_1_269' title='bbox 762 1849 887 1897; x_wconf 88' lang='lat' dir='ltr'>primo</span> <span class='ocrx_word' id='word_1_270' title='bbox 903 1860 1053 1899; x_wconf 90' lang='lat' dir='ltr'>quoque</span> <span class='ocrx_word' id='word_1_271' title='bbox 1067 1860 1222 1900; x_wconf 85' lang='lat' dir='ltr'>tempo·-</span> 
     </span>
     <span class='ocr_line' id='line_1_33' title="bbox 57 1897 1220 1947; baseline 0.005 -12"><span class='ocrx_word' id='word_1_272' title='bbox 57 1911 98 1935; x_wconf 83' lang='lat' dir='ltr'>re</span> <span class='ocrx_word' id='word_1_273' title='bbox 112 1897 225 1935; x_wconf 80' lang='lat' dir='ltr'>castra</span> <span class='ocrx_word' id='word_1_274' title='bbox 243 1899 374 1937; x_wconf 78' lang='lat' dir='ltr'>fierent</span> <span class='ocrx_word' id='word_1_275' title='bbox 391 1926 400 1935; x_wconf 85' lang='lat'><strong>.</strong></span> <span class='ocrx_word' id='word_1_276' title='bbox 432 1900 470 1937; x_wconf 92' lang='lat' dir='ltr'>id</span> <span class='ocrx_word' id='word_1_277' title='bbox 487 1899 510 1936; x_wconf 83' lang='lat' dir='ltr'>si</span> <span class='ocrx_word' id='word_1_278' title='bbox 527 1898 670 1938; x_wconf 69' lang='lat' dir='ltr'>fa&amp;um</span> <span class='ocrx_word' id='word_1_279' title='bbox 685 1899 776 1938; x_wconf 81' lang='lat' dir='ltr'>effet</span> <span class='ocrx_word' id='word_1_280' title='bbox 788 1925 802 1947; x_wconf 87' lang='lat'>‚</span> <span class='ocrx_word' id='word_1_281' title='bbox 823 1901 859 1938; x_wconf 83' lang='lat'>&amp;</span> <span class='ocrx_word' id='word_1_282' title='bbox 877 1900 1026 1939; x_wconf 79' lang='lat' dir='ltr'>civibus</span> <span class='ocrx_word' id='word_1_283' title='bbox 1042 1905 1220 1941; x_wconf 81' lang='lat' dir='ltr'>animum</span> 
     </span>
     <span class='ocr_line' id='line_1_34' title="bbox 56 1951 1222 1999; baseline 0.007 -11"><span class='ocrx_word' id='word_1_284' title='bbox 56 1951 282 1990; x_wconf 77' lang='lat' dir='ltr'>accessurum</span> <span class='ocrx_word' id='word_1_285' title='bbox 300 1977 314 1999; x_wconf 88' lang='lat'>,</span> <span class='ocrx_word' id='word_1_286' title='bbox 343 1967 428 1991; x_wconf 91' lang='lat' dir='ltr'>cum</span> <span class='ocrx_word' id='word_1_287' title='bbox 446 1953 620 1991; x_wconf 89' lang='lat' dir='ltr'>viderent</span> <span class='ocrx_word' id='word_1_288' title='bbox 638 1978 651 1999; x_wconf 81' lang='lat'>,</span> <span class='ocrx_word' id='word_1_289' title='bbox 675 1955 722 1992; x_wconf 91' lang='lat' dir='ltr'>de</span> <span class='ocrx_word' id='word_1_290' title='bbox 751 1968 881 1993; x_wconf 87' lang='lat' dir='ltr'>eorum</span> <span class='ocrx_word' id='word_1_291' title='bbox 898 1957 1044 1994; x_wconf 88' lang='lat' dir='ltr'>virtute</span> <span class='ocrx_word' id='word_1_292' title='bbox 1060 1970 1135 1995; x_wconf 89' lang='lat' dir='ltr'>non</span> <span class='ocrx_word' id='word_1_293' title='bbox 1153 1957 1222 1996; x_wconf 89' lang='lat' dir='ltr'>de-</span> 
     </span>
     <span class='ocr_line' id='line_1_35' title="bbox 57 2003 1224 2057; baseline 0.007 -15"><span class='ocrx_word' id='word_1_294' title='bbox 57 2003 212 2055; x_wconf 85' lang='lat' dir='ltr'>sperari,</span> <span class='ocrx_word' id='word_1_295' title='bbox 229 2008 263 2043; x_wconf 88' lang='lat'>&amp;</span> <span class='ocrx_word' id='word_1_296' title='bbox 280 2006 401 2045; x_wconf 87' lang='lat' dir='ltr'>hostes</span> <span class='ocrx_word' id='word_1_297' title='bbox 417 2008 548 2045; x_wconf 88' lang='lat' dir='ltr'>eadem</span> <span class='ocrx_word' id='word_1_298' title='bbox 566 2021 604 2045; x_wconf 88' lang='lat' dir='ltr'>re</span> <span class='ocrx_word' id='word_1_299' title='bbox 619 2006 700 2045; x_wconf 82' lang='lat' dir='ltr'>fore</span> <span class='ocrx_word' id='word_1_300' title='bbox 714 2009 921 2057; x_wconf 85' lang='lat' dir='ltr'>tardiores,</span> <span class='ocrx_word' id='word_1_301' title='bbox 935 2009 959 2047; x_wconf 83' lang='lat' dir='ltr'>fi</span> <span class='ocrx_word' id='word_1_302' title='bbox 975 2011 1224 2050; x_wconf 86' lang='lat' dir='ltr'>animadver-</span> 
     </span>
    </p>
   </div>
   <div class='ocr_carea' id='block_1_3' title="bbox 57 2059 1221 2160">
    <p class='ocr_par' dir='ltr' id='par_1_4' title="bbox 57 2059 1221 2160">
     <span class='ocr_line' id='line_1_36' title="bbox 57 2059 1221 2156; baseline 0.006 -58"><span class='ocrx_word' id='word_1_303' title='bbox 57 2068 180 2099; x_wconf 77' lang='lat' dir='ltr'>terent</span> <span class='ocrx_word' id='word_1_304' title='bbox 197 2082 210 2110; x_wconf 82' lang='lat'>‚</span> <span class='ocrx_word' id='word_1_305' title='bbox 226 2061 356 2101; x_wconf 86' lang='lat' dir='ltr'>auderi</span> <span class='ocrx_word' id='word_1_306' title='bbox 370 2059 548 2102; x_wconf 73' lang='lat' dir='ltr'>adversus</span> <span class='ocrx_word' id='word_1_307' title='bbox 565 2060 601 2102; x_wconf 86' lang='lat' dir='ltr'>se</span> <span class='ocrx_word' id='word_1_308' title='bbox 619 2073 698 2102; x_wconf 81' lang='lat' dir='ltr'>tam</span> <span class='ocrx_word' id='word_1_309' title='bbox 714 2065 863 2156; x_wconf 42' lang='lat' dir='ltr'>exiguis</span> <span class='ocrx_word' id='word_1_310' title='bbox 879 2065 1002 2117; x_wconf 85' lang='lat' dir='ltr'>copiis</span> <span class='ocrx_word' id='word_1_311' title='bbox 1016 2064 1221 2156; x_wconf 40' lang='lat' dir='ltr'>dimissre.</span> 
     </span>
     <span class='ocr_line' id='line_1_37' title="bbox 824 2130 1168 2160; baseline 0.012 -7"><span class='ocrx_word' id='word_1_312' title='bbox 824 2130 848 2160; x_wconf 70' lang='lat'>4</span> <span class='ocrx_word' id='word_1_313' title='bbox 1157 2145 1168 2157; x_wconf 60' lang='lat'>0</span> 
     </span>
    </p>
   </div>
  </div>
 </body>
</html>
