1714 2719
291 174 834 218 PELOPIDAS.
901 174 1038 214 XVI.
1152 191 1196 224 71

77 279 133 305 ter
149 278 233 304 cum
250 262 310 301 his
326 264 392 312 qui
411 259 554 298 Thebis
574 261 673 298 idern
701 259 916 298 sentiebant
935 284 948 304 ,
977 261 1079 299 diem
1097 261 1251 312 delege-

77 333 167 358 runt
183 320 231 357 ad
248 319 426 354 inimicos
444 315 718 364 opprimendos
737 338 749 357 ,
779 315 1061 366 civitatemque
1078 314 1250 353 liberin-

76 375 165 411 dam
183 397 196 416 ‚
212 385 294 410 eum
314 384 389 421 quo
404 370 563 405 maximi
582 367 826 419 magistratus
844 367 950 404 simul
970 368 1246 409 consueverant

75 428 223 478 epulari
239 452 248 462 .
278 424 432 475 Magnae
460 420 550 472 sxpe
582 435 638 459 rcs
656 436 731 458 non
751 424 803 458 ita
822 425 971 473 magnis
1004 424 1127 474 copiis
1160 423 1243 462 sunt

77 480 181 534 gestae
201 493 210 524 ς
240 477 299 516 sed
318 475 488 530 profeclo
506 489 714 525 numquam
735 475 782 512 ab
799 487 879 512 tam
897 479 1003 513 tenui
1030 479 1145 513 initio
1161 489 1251 514 tan-

77 547 122 572 tae
138 547 224 584 opes
241 531 325 569 sunt
342 531 547 582 profligatae
566 557 574 564 .
605 528 709 566 Nam
727 529 930 567 duodecim
964 530 1245 568 adolescentuli

75 595 246 626 coi'erunt
265 599 308 623 cx
330 586 389 623 his
407 586 471 635 qui
489 583 622 620 exfilio
639 596 747 620 erant
764 583 923 620 multati
943 607 956 630 ‚
982 598 1067 621 cum
1087 588 1247 621 omnino

74 655 150 678 non
166 640 283 678 ess‘cnt
301 639 468 689 amplius
485 650 638 675 centum
657 641 723 688 qui
746 649 857 675 tanto
875 636 911 674 se
935 638 1114 675 offerrent
1147 642 1250 689 peri-

71 694 159 732 culo
177 709 184 730 :
215 707 286 745 qua
308 694 503 744 paucitate
521 690 686 744 percussa
705 690 755 728 est
776 690 1154 729 Lacedaemoniorum
1179 707 1248 743 po-

70 750 194 786 tentia
214 774 222 783 .
256 745 312 784 Hi
344 750 447 784 enim
480 759 555 782 non
585 748 709 796 magis
738 744 1046 782 adversariorum
1078 744 1242 784 suffiunt

71 815 185 853 quam
203 802 400 851 Spartanis
417 823 430 844 ,
461 814 505 837 eo
536 811 707 849 tempore
723 797 870 836 bellum
903 799 1146 836 intulerunt:
1177 805 1245 852 qui

69 858 265 906 principes
281 866 388 891 erant
405 856 525 890 totius
548 850 704 890 Graeciae
727 867 734 888 :
765 866 925 902 quornm
945 853 1145 903 imperiosa
1165 869 1248 892 ma-

67 908 180 960 jestas
200 921 321 958 neque
338 909 391 944 ita
409 907 534 943 multo
552 905 631 957 post
650 904 889 944 Leuaricam
908 920 1092 958 pugnam,
1109 908 1157 944 ab
1175 909 1246 946 hoc

68 965 185 998 initio
201 959 370 1011 perculsa
405 961 544 997 cecidit
567 984 578 995 .
607 958 674 995 Illi
708 962 825 1009 igitur
855 960 1058 997 duodecim
1084 974 1246 1011 quorum

66 1026 147 1053 erat
163 1015 238 1051 dux
258 1013 463 1064 Pelopidas
488 1037 500 1058 ,
513 1026 596 1049 cum
616 1012 786 1049 Athenis
806 1014 974 1050 interdiu
991 1013 1155 1051 exissent
1172 1039 1186 1062 ,
1203 1024 1245 1054 ut

68 1066 360 1118 vesperascente
376 1067 466 1104 caelo
485 1065 636 1103 Thebas
654 1066 801 1117 polsent
818 1068 1018 1116 pervenire
1035 1091 1048 1112 ,
1077 1081 1162 1105 cnm
1181 1082 1246 1107 ca-

74 1122 184 1160 nibus
202 1123 390 1158 venaticis
407 1123 584 1158 exierunt
603 1143 616 1164 ,
647 1123 740 1157 retia
759 1119 924 1157 serentes
943 1144 956 1166 ,
983 1119 1121 1158 vestitu
1139 1135 1248 1173 agre-

70 1174 114 1213 sti
131 1199 144 1220 ,
161 1189 234 1227 qno
249 1178 399 1211 minore
417 1173 628 1225 suspicione
644 1172 814 1210 facerent
833 1176 904 1211 iter
922 1201 929 1208 .
949 1176 1029 1226 Qui
1047 1188 1132 1211 cum
1148 1187 1249 1213 tem-

71 1242 160 1280 pore
183 1226 264 1279 ipso
281 1242 356 1280 quo
374 1227 592 1264 studuerant
611 1250 623 1270 ,
654 1226 910 1277 pervenissent
929 1251 941 1273 ,
971 1229 1127 1265 domum
1143 1227 1251 1267 Cha-

70 1285 172 1320 ronis
189 1284 438 1319 deverterunt
455 1305 468 1326 ‚
489 1295 508 1318 a
529 1294 603 1331 quo
620 1281 655 1316 ὃ(
674 1292 824 1331 tempus
841 1282 876 1317 ὂ(
893 1281 974 1318 dies
1003 1293 1083 1318 erat
1100 1283 1212 1320 datus
1238 1312 1246 1319 .

119 1334 192 1372 III.
223 1334 314 1374 Hoc
331 1336 417 1373 loco
434 1334 529 1371 libet
549 1338 794 1384 interponere
810 1358 822 1379 ,
852 1333 916 1371 etsi
936 1334 1147 1386 sejunfilum
1165 1350 1184 1372 a
1205 1351 1245 1374 re

67 1386 615 1441 propofitaest,N1M1A
657 1386 974 1426 FIDUCIA
1019 1389 1248 1438 QUAN-

71 1439 688 1481 TAECALAMITATI
734 1440 1242 1481 soLEATEssE.

69 1495 174 1534 Nam
190 1495 481 1548 magistratuum
505 1494 776 1532 Thebanorum
796 1494 922 1533 statim
950 1497 996 1533 ad
1035 1510 1144 1534 aures
1161 1510 1249 1548 per-

69 1554 177 1588 venit
194 1574 207 1596 ,
237 1549 386 1587 exsules
409 1552 446 1585 in
467 1549 596 1586 urbem
613 1548 806 1586 devenisse
822 1577 830 1584 .
860 1548 904 1586 Id
924 1549 985 1586 illi
1004 1574 1016 1596 ,
1047 1553 1140 1588 vino
1157 1565 1250 1601 epu-

68 1603 191 1655 lisque
225 1604 378 1647 dediti,
407 1602 521 1654 usque
559 1617 602 1640 eo
618 1602 869 1653 despexerunt
890 1627 900 1647 ‚
931 1616 972 1640 ut
1004 1617 1051 1641 ne
1083 1618 1247 1655 quaerere

68 1659 225 1708 quidem
243 1658 288 1694 de
321 1669 427 1694 tanta
459 1671 497 1694 re
526 1656 738 1694 laborarint
757 1684 764 1692 .
797 1656 961 1694 Acceffit
992 1660 1111 1694 etiam
1138 1659 1238 1709 quod

69 1715 191 1762 magis
209 1714 373 1761 aperiret
397 1724 524 1748 eorum
541 1711 774 1748 dementiam
789 1737 798 1746 .
827 1710 949 1747 allata
970 1710 1020 1747 est
1040 1714 1143 1750 enim
1163 1716 1247 1762 epi·

70 1763 165 1802 stola
184 1764 354 1802 Athenis
371 1764 418 1800 ab
438 1763 580 1801 Archia
613 1764 865 1814 hierophante
885 1763 1036 1801 Archiae
1063 1769 1128 1816 qui
1159 1779 1243 1802 tum

69 1821 282 1855 maximum
312 1817 576 1869 magistratum
611 1816 754 1855 Thebis
783 1817 1011 1856 obtinebat:
1043 1821 1081 1854 in
1100 1833 1172 1869 qua
1203 1834 1247 1855 o-

71 1874 176 1909 mnia
193 1873 238 1909 de
255 1871 495 1922 profeRione
512 1871 685 1909 exsulum
703 1870 842 1922 scripta
868 1883 975 1908 erant
994 1898 1003 1907 .
1035 1874 1129 1933 Qae
1159 1886 1244 1910 cum

69 1927 149 1978 jam
166 1927 373 1963 accubanti
394 1928 431 1962 in
450 1927 632 1962 convivio
649 1925 739 1962 esset
756 1927 844 1962 data
863 1948 876 1970 ,
906 1925 997 1962 sicut
1015 1940 1096 1963 erat
1124 1926 1245 1977 sign-2.-

69 1992 107 2017 ta
138 2005 150 2025 ‚
182 1983 220 2016 in
247 1980 455 2031 pulvinum
487 1979 687 2030 subjiciens
707 2003 722 2024 ,
752 1981 790 2015 in
823 1977 1027 2016 crastinum
1048 2004 1060 2025 ,
1090 1983 1215 2031 inqui:
1234 2004 1247 2026 ‚

72 2034 208 2072 differo
226 2047 282 2070 res
303 2032 364 2070 sev
375 2047 455 2070 eras
474 2061 481 2068 .
512 2032 570 2070 At
587 2033 650 2069 illi
667 2046 800 2070 omnes
817 2057 830 2079 ,
859 2047 943 2070 cum
960 2034 1036 2083 jam
1068 2046 1143 2069 nox
1161 2047 1251 2084 pro-

74 2086 228 2126 eeffiffet
246 2111 260 2134 ‚
278 2087 475 2125 vinolenti
496 2087 543 2125 ab
560 2085 754 2127 exsulibus
771 2087 864 2123 duce
882 2085 1068 2138 Pelopida
1086 2086 1171 2124 sunt
1191 2090 1250 2124 in·

771 2139 806 2177 E
861 2153 885 2183 4
1121 2153 1198 2178 ter-
