<?xml version="1.0" encoding="UTF-8"?>
<!DOCTYPE html PUBLIC "-//W3C//DTD XHTML 1.0 Transitional//EN"
    "http://www.w3.org/TR/xhtml1/DTD/xhtml1-transitional.dtd">
<html xmlns="http://www.w3.org/1999/xhtml" xml:lang="en" lang="en">
 <head>
  <title>
</title>
<meta http-equiv="Content-Type" content="text/html;charset=utf-8" />
  <meta name='ocr-system' content='tesseract 3.04.00' />
  <meta name='ocr-capabilities' content='ocr_page ocr_carea ocr_par ocr_line ocrx_word'/>
</head>
<body>
  <div class='ocr_page' id='page_1' title='image "./quaeexstantomnia00nepouoft_0156.png"; bbox 0 0 1714 2719; ppageno 0'>
   <div class='ocr_carea' id='block_1_1' title="bbox 472 178 1369 219">
    <p class='ocr_par' dir='ltr' id='par_1_1' title="bbox 472 178 1369 219">
     <span class='ocr_line' id='line_1_1' title="bbox 472 178 1369 219; baseline 0.002 -2"><span class='ocrx_word' id='word_1_1' title='bbox 472 185 542 218; x_wconf 81' lang='lat'>116</span> <span class='ocrx_word' id='word_1_2' title='bbox 624 178 996 217; x_wconf 85' lang='lat' dir='ltr'>CORNELII</span> <span class='ocrx_word' id='word_1_3' title='bbox 1052 178 1369 219; x_wconf 86' lang='lat' dir='ltr'>NEPOTIS</span> 
     </span>
    </p>
   </div>
   <div class='ocr_carea' id='block_1_2' title="bbox 410 255 1712 2128">
    <p class='ocr_par' dir='ltr' id='par_1_2' title="bbox 413 255 1712 576">
     <span class='ocr_line' id='line_1_2' title="bbox 416 255 1572 309; baseline 0.006 -15"><span class='ocrx_word' id='word_1_4' title='bbox 416 273 528 295; x_wconf 80' lang='lat' dir='ltr'>nemo</span> <span class='ocrx_word' id='word_1_5' title='bbox 546 272 631 294; x_wconf 89' lang='lat' dir='ltr'>eum</span> <span class='ocrx_word' id='word_1_6' title='bbox 649 260 834 307; x_wconf 85' lang='lat' dir='ltr'>temporis</span> <span class='ocrx_word' id='word_1_7' title='bbox 851 256 972 294; x_wconf 76' lang='lat' dir='ltr'>caussa</span> <span class='ocrx_word' id='word_1_8' title='bbox 999 255 1123 296; x_wconf 84' lang='lat' dir='ltr'>facere</span> <span class='ocrx_word' id='word_1_9' title='bbox 1153 270 1304 309; x_wconf 84' lang='lat' dir='ltr'>poterat</span> <span class='ocrx_word' id='word_1_10' title='bbox 1335 257 1549 300; x_wconf 83' lang='lat' dir='ltr'>existimare</span> <span class='ocrx_word' id='word_1_11' title='bbox 1566 289 1572 300; x_wconf 84' lang='grc'><em>.</em></span> 
     </span>
     <span class='ocr_line' id='line_1_3' title="bbox 415 311 1712 360; baseline 0.001 -12"><span class='ocrx_word' id='word_1_12' title='bbox 415 311 578 348; x_wconf 79' lang='lat' dir='ltr'>Nemini</span> <span class='ocrx_word' id='word_1_13' title='bbox 595 313 696 348; x_wconf 88' lang='lat' dir='ltr'>enim</span> <span class='ocrx_word' id='word_1_14' title='bbox 716 314 754 346; x_wconf 90' lang='lat' dir='ltr'>in</span> <span class='ocrx_word' id='word_1_15' title='bbox 784 313 1005 360; x_wconf 82' lang='lat' dir='ltr'>opinionem</span> <span class='ocrx_word' id='word_1_16' title='bbox 1033 312 1212 349; x_wconf 82' lang='lat' dir='ltr'>veniebat</span> <span class='ocrx_word' id='word_1_17' title='bbox 1229 336 1242 358; x_wconf 80' lang='lat'>,</span> <span class='ocrx_word' id='word_1_18' title='bbox 1272 312 1492 349; x_wconf 83' lang='lat' dir='ltr'>Antonium</span> <span class='ocrx_word' id='word_1_19' title='bbox 1522 329 1579 353; x_wconf 83' lang='lat' dir='ltr'>re-</span> <span class='ocrx_word' id='word_1_20' title='bbox 1709 322 1712 352; x_wconf 59' lang='lat' dir='ltr'>l</span> 
     </span>
     <span class='ocr_line' id='line_1_4' title="bbox 414 363 1578 416; baseline 0.003 -15"><span class='ocrx_word' id='word_1_21' title='bbox 414 379 498 402; x_wconf 89' lang='lat' dir='ltr'>rum</span> <span class='ocrx_word' id='word_1_22' title='bbox 516 367 730 415; x_wconf 88' lang='lat' dir='ltr'>potiturum</span> <span class='ocrx_word' id='word_1_23' title='bbox 750 391 757 398; x_wconf 94' lang='lat'>.</span> <span class='ocrx_word' id='word_1_24' title='bbox 785 365 855 401; x_wconf 87' lang='lat' dir='ltr'>Sed</span> <span class='ocrx_word' id='word_1_25' title='bbox 876 363 1006 401; x_wconf 79' lang='lat' dir='ltr'>seusun</span> <span class='ocrx_word' id='word_1_26' title='bbox 1024 367 1055 401; x_wconf 92' lang='lat' dir='ltr'>is</span> <span class='ocrx_word' id='word_1_27' title='bbox 1072 379 1090 401; x_wconf 82' lang='lat' dir='ltr'>a</span> <span class='ocrx_word' id='word_1_28' title='bbox 1110 366 1309 403; x_wconf 87' lang='lat' dir='ltr'>nonnullis</span> <span class='ocrx_word' id='word_1_29' title='bbox 1326 367 1578 416; x_wconf 85' lang='lat' dir='ltr'>optimatibus</span> 
     </span>
     <span class='ocr_line' id='line_1_5' title="bbox 414 417 1580 469; baseline 0.002 -14"><span class='ocrx_word' id='word_1_30' title='bbox 414 417 761 469; x_wconf 81' lang='lat' dir='ltr'>reprehendebatur</span> <span class='ocrx_word' id='word_1_31' title='bbox 778 441 790 462; x_wconf 78' lang='lat'>,</span> <span class='ocrx_word' id='word_1_32' title='bbox 809 418 907 468; x_wconf 91' lang='lat' dir='ltr'>quod</span> <span class='ocrx_word' id='word_1_33' title='bbox 926 431 1057 467; x_wconf 87' lang='lat' dir='ltr'>parum</span> <span class='ocrx_word' id='word_1_34' title='bbox 1077 419 1193 456; x_wconf 85' lang='lat' dir='ltr'>odisse</span> <span class='ocrx_word' id='word_1_35' title='bbox 1209 419 1332 456; x_wconf 78' lang='lat' dir='ltr'>malos</span> <span class='ocrx_word' id='word_1_36' title='bbox 1349 423 1453 457; x_wconf 80' lang='lat' dir='ltr'>cives</span> <span class='ocrx_word' id='word_1_37' title='bbox 1470 421 1580 457; x_wconf 88' lang='lat' dir='ltr'>vide-</span> 
     </span>
     <span class='ocr_line' id='line_1_6' title="bbox 413 469 1579 524; baseline 0.003 -16"><span class='ocrx_word' id='word_1_38' title='bbox 413 484 517 509; x_wconf 88' lang='lat' dir='ltr'>retur</span> <span class='ocrx_word' id='word_1_39' title='bbox 533 499 541 507; x_wconf 88' lang='lat'><strong>.</strong></span> <span class='ocrx_word' id='word_1_40' title='bbox 573 469 648 507; x_wconf 89' lang='lat' dir='ltr'>Ille</span> <span class='ocrx_word' id='word_1_41' title='bbox 677 485 804 508; x_wconf 80' lang='lat' dir='ltr'>autem</span> <span class='ocrx_word' id='word_1_42' title='bbox 838 470 893 506; x_wconf 91' lang='lat' dir='ltr'>sui</span> <span class='ocrx_word' id='word_1_43' title='bbox 922 472 1086 520; x_wconf 84' lang='lat' dir='ltr'>judicii,</span> <span class='ocrx_word' id='word_1_44' title='bbox 1116 476 1244 522; x_wconf 87' lang='lat' dir='ltr'>potius</span> <span class='ocrx_word' id='word_1_45' title='bbox 1262 472 1354 524; x_wconf 93' lang='lat' dir='ltr'>quid</span> <span class='ocrx_word' id='word_1_46' title='bbox 1385 472 1421 510; x_wconf 92' lang='lat' dir='ltr'>se</span> <span class='ocrx_word' id='word_1_47' title='bbox 1454 472 1579 511; x_wconf 76' lang='lat' dir='ltr'>fa&#39;cere</span> 
     </span>
     <span class='ocr_line' id='line_1_7' title="bbox 413 524 1575 576; baseline 0.002 -16"><span class='ocrx_word' id='word_1_48' title='bbox 413 539 481 576; x_wconf 84' lang='lat' dir='ltr'>par</span> <span class='ocrx_word' id='word_1_49' title='bbox 498 524 586 562; x_wconf 84' lang='lat' dir='ltr'>effet</span> <span class='ocrx_word' id='word_1_50' title='bbox 606 524 826 561; x_wconf 72' lang='lat' dir='ltr'>intuebatur</span> <span class='ocrx_word' id='word_1_51' title='bbox 843 547 855 567; x_wconf 54' lang='lat'>5</span> <span class='ocrx_word' id='word_1_52' title='bbox 886 537 1000 574; x_wconf 85' lang='lat' dir='ltr'>quam</span> <span class='ocrx_word' id='word_1_53' title='bbox 1018 525 1107 574; x_wconf 86' lang='lat' dir='ltr'>quid</span> <span class='ocrx_word' id='word_1_54' title='bbox 1125 526 1193 561; x_wconf 83' lang='lat' dir='ltr'>alii</span> <span class='ocrx_word' id='word_1_55' title='bbox 1211 526 1405 563; x_wconf 80' lang='lat' dir='ltr'>laudaturi</span> <span class='ocrx_word' id='word_1_56' title='bbox 1422 525 1548 563; x_wconf 89' lang='lat' dir='ltr'>forent</span> <span class='ocrx_word' id='word_1_57' title='bbox 1567 554 1575 562; x_wconf 89' lang='lat'>.</span> 
     </span>
    </p>

    <p class='ocr_par' dir='ltr' id='par_1_3' title="bbox 410 576 1711 2128">
     <span class='ocr_line' id='line_1_8' title="bbox 467 576 1578 617; baseline 0.004 -4"><span class='ocrx_word' id='word_1_58' title='bbox 467 578 519 614; x_wconf 88' lang='lat' dir='ltr'>X.</span> <span class='ocrx_word' id='word_1_59' title='bbox 550 576 742 615; x_wconf 74' lang='lat' dir='ltr'>Conversa</span> <span class='ocrx_word' id='word_1_60' title='bbox 765 576 888 613; x_wconf 81' lang='lat' dir='ltr'>subito</span> <span class='ocrx_word' id='word_1_61' title='bbox 906 576 1057 613; x_wconf 86' lang='lat' dir='ltr'>fortuna</span> <span class='ocrx_word' id='word_1_62' title='bbox 1075 576 1125 614; x_wconf 90' lang='lat' dir='ltr'>est</span> <span class='ocrx_word' id='word_1_63' title='bbox 1143 605 1151 613; x_wconf 88' lang='lat'><strong>.</strong></span> <span class='ocrx_word' id='word_1_64' title='bbox 1170 578 1226 616; x_wconf 91' lang='lat' dir='ltr'>Ut</span> <span class='ocrx_word' id='word_1_65' title='bbox 1246 579 1445 617; x_wconf 90' lang='lat' dir='ltr'>Antonius</span> <span class='ocrx_word' id='word_1_66' title='bbox 1462 581 1578 617; x_wconf 88' lang='lat' dir='ltr'>rediit</span> 
     </span>
     <span class='ocr_line' id='line_1_9' title="bbox 413 630 1578 684; baseline 0.003 -16"><span class='ocrx_word' id='word_1_67' title='bbox 413 636 452 668; x_wconf 72' lang='lat' dir='ltr'>in</span> <span class='ocrx_word' id='word_1_68' title='bbox 470 630 627 668; x_wconf 80' lang='lat' dir='ltr'>Italiam</span> <span class='ocrx_word' id='word_1_69' title='bbox 645 655 657 675; x_wconf 81' lang='lat'>,</span> <span class='ocrx_word' id='word_1_70' title='bbox 688 644 799 666; x_wconf 76' lang='lat' dir='ltr'>nemo</span> <span class='ocrx_word' id='word_1_71' title='bbox 817 644 892 665; x_wconf 89' lang='lat' dir='ltr'>non</span> <span class='ocrx_word' id='word_1_72' title='bbox 909 644 1048 680; x_wconf 81' lang='lat' dir='ltr'>magno</span> <span class='ocrx_word' id='word_1_73' title='bbox 1066 632 1104 666; x_wconf 92' lang='lat' dir='ltr'>in</span> <span class='ocrx_word' id='word_1_74' title='bbox 1122 633 1292 680; x_wconf 88' lang='lat' dir='ltr'>periculo</span> <span class='ocrx_word' id='word_1_75' title='bbox 1309 632 1488 670; x_wconf 89' lang='lat' dir='ltr'>Atticum</span> <span class='ocrx_word' id='word_1_76' title='bbox 1506 647 1578 684; x_wconf 86' lang='lat' dir='ltr'>pu-</span> 
     </span>
     <span class='ocr_line' id='line_1_10' title="bbox 412 682 1578 733; baseline 0.002 -12"><span class='ocrx_word' id='word_1_77' title='bbox 412 698 511 721; x_wconf 83' lang='lat' dir='ltr'>tarat</span> <span class='ocrx_word' id='word_1_78' title='bbox 531 709 543 729; x_wconf 81' lang='lat'>,</span> <span class='ocrx_word' id='word_1_79' title='bbox 573 695 728 733; x_wconf 84' lang='lat' dir='ltr'>propter</span> <span class='ocrx_word' id='word_1_80' title='bbox 758 685 937 719; x_wconf 84' lang='lat' dir='ltr'>intimam</span> <span class='ocrx_word' id='word_1_81' title='bbox 970 682 1278 721; x_wconf 80' lang='lat' dir='ltr'>familiaritatem</span> <span class='ocrx_word' id='word_1_82' title='bbox 1308 686 1508 723; x_wconf 84' lang='lat' dir='ltr'>Ciceronis</span> <span class='ocrx_word' id='word_1_83' title='bbox 1539 687 1578 723; x_wconf 74' lang='grc' dir='ltr'>δί</span> 
     </span>
     <span class='ocr_line' id='line_1_11' title="bbox 412 735 1711 786; baseline 0.002 -11"><span class='ocrx_word' id='word_1_84' title='bbox 412 738 546 775; x_wconf 86' lang='lat' dir='ltr'>Bruti.</span> <span class='ocrx_word' id='word_1_85' title='bbox 578 735 712 786; x_wconf 77' lang='lat' dir='ltr'>Itaque</span> <span class='ocrx_word' id='word_1_86' title='bbox 728 736 774 772; x_wconf 84' lang='lat' dir='ltr'>ad</span> <span class='ocrx_word' id='word_1_87' title='bbox 804 736 1016 773; x_wconf 80' lang='lat' dir='ltr'>adventum</span> <span class='ocrx_word' id='word_1_88' title='bbox 1047 738 1319 785; x_wconf 83' lang='lat' dir='ltr'>imperatorum</span> <span class='ocrx_word' id='word_1_89' title='bbox 1336 739 1383 775; x_wconf 88' lang='lat' dir='ltr'>de</span> <span class='ocrx_word' id='word_1_90' title='bbox 1412 737 1496 775; x_wconf 88' lang='lat' dir='ltr'>foro</span> <span class='ocrx_word' id='word_1_91' title='bbox 1511 740 1577 776; x_wconf 82' lang='lat' dir='ltr'>de-</span> <span class='ocrx_word' id='word_1_92' title='bbox 1709 761 1711 778; x_wconf 65' lang='lat'>1</span> 
     </span>
     <span class='ocr_line' id='line_1_12' title="bbox 412 788 1574 842; baseline 0 -14"><span class='ocrx_word' id='word_1_93' title='bbox 412 790 567 828; x_wconf 65' lang='lat' dir='ltr'>cesserat</span> <span class='ocrx_word' id='word_1_94' title='bbox 585 813 598 835; x_wconf 70' lang='lat'>9</span> <span class='ocrx_word' id='word_1_95' title='bbox 629 793 769 826; x_wconf 85' lang='lat' dir='ltr'>timens</span> <span class='ocrx_word' id='word_1_96' title='bbox 788 788 1105 839; x_wconf 84' lang='lat' dir='ltr'>proscriptionem</span> <span class='ocrx_word' id='word_1_97' title='bbox 1123 802 1130 824; x_wconf 92' lang='lat'>:</span> <span class='ocrx_word' id='word_1_98' title='bbox 1162 790 1384 842; x_wconf 88' lang='lat' dir='ltr'>latebatque</span> <span class='ocrx_word' id='word_1_99' title='bbox 1414 792 1515 841; x_wconf 88' lang='lat' dir='ltr'>apud</span> <span class='ocrx_word' id='word_1_100' title='bbox 1532 791 1574 828; x_wconf 86' lang='lat' dir='ltr'>P.</span> 
     </span>
     <span class='ocr_line' id='line_1_13' title="bbox 412 842 1577 895; baseline 0.001 -15"><span class='ocrx_word' id='word_1_101' title='bbox 412 844 669 880; x_wconf 87' lang='lat' dir='ltr'>Volumnium</span> <span class='ocrx_word' id='word_1_102' title='bbox 688 866 701 884; x_wconf 84' lang='lat'>,</span> <span class='ocrx_word' id='word_1_103' title='bbox 731 846 792 879; x_wconf 87' lang='lat' dir='ltr'>cui</span> <span class='ocrx_word' id='word_1_104' title='bbox 811 866 823 888; x_wconf 79' lang='lat'>,</span> <span class='ocrx_word' id='word_1_105' title='bbox 854 854 893 879; x_wconf 92' lang='lat' dir='ltr'>ut</span> <span class='ocrx_word' id='word_1_106' title='bbox 909 842 1141 880; x_wconf 87' lang='lat' dir='ltr'>ostendimus</span> <span class='ocrx_word' id='word_1_107' title='bbox 1158 845 1292 893; x_wconf 85' lang='lat' dir='ltr'>paullo</span> <span class='ocrx_word' id='word_1_108' title='bbox 1308 857 1399 883; x_wconf 81' lang='lat' dir='ltr'>ante</span> <span class='ocrx_word' id='word_1_109' title='bbox 1421 868 1434 890; x_wconf 83' lang='lat'>,</span> <span class='ocrx_word' id='word_1_110' title='bbox 1466 858 1577 895; x_wconf 88' lang='lat' dir='ltr'>opem</span> 
     </span>
     <span class='ocr_line' id='line_1_14' title="bbox 413 895 1580 946; baseline 0 -12"><span class='ocrx_word' id='word_1_111' title='bbox 413 898 554 935; x_wconf 76' lang='lat' dir='ltr'>tulerat</span> <span class='ocrx_word' id='word_1_112' title='bbox 572 924 580 932; x_wconf 93' lang='lat'><strong>.</strong></span> <span class='ocrx_word' id='word_1_113' title='bbox 614 895 740 933; x_wconf 79' lang='lat' dir='ltr'>Tanta</span> <span class='ocrx_word' id='word_1_114' title='bbox 760 899 925 934; x_wconf 86' lang='lat' dir='ltr'>varietas</span> <span class='ocrx_word' id='word_1_115' title='bbox 949 899 996 934; x_wconf 89' lang='lat' dir='ltr'>iis</span> <span class='ocrx_word' id='word_1_116' title='bbox 1013 897 1250 946; x_wconf 84' lang='lat' dir='ltr'>temporibus</span> <span class='ocrx_word' id='word_1_117' title='bbox 1280 897 1355 935; x_wconf 83' lang='lat' dir='ltr'>suit</span> <span class='ocrx_word' id='word_1_118' title='bbox 1385 898 1546 936; x_wconf 85' lang='lat' dir='ltr'>fortunae</span> <span class='ocrx_word' id='word_1_119' title='bbox 1564 922 1580 944; x_wconf 86' lang='lat'>‚</span> 
     </span>
     <span class='ocr_line' id='line_1_15' title="bbox 412 949 1578 1003; baseline 0 -15"><span class='ocrx_word' id='word_1_120' title='bbox 412 964 454 988; x_wconf 87' lang='lat' dir='ltr'>ut</span> <span class='ocrx_word' id='word_1_121' title='bbox 473 951 589 988; x_wconf 89' lang='lat' dir='ltr'>modo</span> <span class='ocrx_word' id='word_1_122' title='bbox 607 950 645 987; x_wconf 87' lang='lat' dir='ltr'>hi</span> <span class='ocrx_word' id='word_1_123' title='bbox 665 974 676 995; x_wconf 79' lang='lat'>,</span> <span class='ocrx_word' id='word_1_124' title='bbox 706 950 821 986; x_wconf 86' lang='lat' dir='ltr'>modo</span> <span class='ocrx_word' id='word_1_125' title='bbox 838 950 900 987; x_wconf 90' lang='lat' dir='ltr'>illi</span> <span class='ocrx_word' id='word_1_126' title='bbox 933 953 970 986; x_wconf 92' lang='lat' dir='ltr'>in</span> <span class='ocrx_word' id='word_1_127' title='bbox 990 949 1135 986; x_wconf 85' lang='lat' dir='ltr'>summo</span> <span class='ocrx_word' id='word_1_128' title='bbox 1160 950 1276 988; x_wconf 83' lang='lat' dir='ltr'>essent</span> <span class='ocrx_word' id='word_1_129' title='bbox 1299 963 1364 989; x_wconf 84' lang='lat' dir='ltr'>aut</span> <span class='ocrx_word' id='word_1_130' title='bbox 1394 950 1546 1003; x_wconf 80' lang='lat' dir='ltr'>fastigio</span> <span class='ocrx_word' id='word_1_131' title='bbox 1564 976 1578 997; x_wconf 83' lang='lat'>,</span> 
     </span>
     <span class='ocr_line' id='line_1_16' title="bbox 412 1001 1578 1055; baseline 0.001 -14"><span class='ocrx_word' id='word_1_132' title='bbox 412 1017 478 1041; x_wconf 84' lang='lat' dir='ltr'>aut</span> <span class='ocrx_word' id='word_1_133' title='bbox 510 1004 681 1053; x_wconf 89' lang='lat' dir='ltr'>periculo</span> <span class='ocrx_word' id='word_1_134' title='bbox 698 1031 706 1038; x_wconf 94' lang='lat'><strong><em>.</em></strong></span> <span class='ocrx_word' id='word_1_135' title='bbox 739 1001 922 1040; x_wconf 84' lang='lat' dir='ltr'>Habebat</span> <span class='ocrx_word' id='word_1_136' title='bbox 953 1003 1076 1041; x_wconf 90' lang='lat' dir='ltr'>secum</span> <span class='ocrx_word' id='word_1_137' title='bbox 1103 1006 1153 1055; x_wconf 89' lang='lat' dir='ltr'>Q.</span> <span class='ocrx_word' id='word_1_138' title='bbox 1170 1003 1348 1042; x_wconf 86' lang='lat' dir='ltr'>Gellium</span> <span class='ocrx_word' id='word_1_139' title='bbox 1379 1005 1545 1042; x_wconf 79' lang='lat' dir='ltr'>Canium</span> <span class='ocrx_word' id='word_1_140' title='bbox 1564 1029 1578 1050; x_wconf 85' lang='lat'><strong>‚</strong></span> 
     </span>
     <span class='ocr_line' id='line_1_17' title="bbox 411 1056 1578 1108; baseline 0 -13"><span class='ocrx_word' id='word_1_141' title='bbox 411 1058 594 1108; x_wconf 81' lang='lat' dir='ltr'>aequalem</span> <span class='ocrx_word' id='word_1_142' title='bbox 612 1080 625 1101; x_wconf 63' lang='lat'>5</span> <span class='ocrx_word' id='word_1_143' title='bbox 655 1056 973 1106; x_wconf 72' lang='lat' dir='ltr'>simillimumque</span> <span class='ocrx_word' id='word_1_144' title='bbox 989 1056 1043 1093; x_wconf 89' lang='lat' dir='ltr'>sui</span> <span class='ocrx_word' id='word_1_145' title='bbox 1062 1085 1069 1092; x_wconf 92' lang='lat'>.</span> <span class='ocrx_word' id='word_1_146' title='bbox 1103 1057 1192 1094; x_wconf 90' lang='lat' dir='ltr'>Hoc</span> <span class='ocrx_word' id='word_1_147' title='bbox 1209 1072 1359 1108; x_wconf 87' lang='lat' dir='ltr'>quoque</span> <span class='ocrx_word' id='word_1_148' title='bbox 1388 1059 1432 1095; x_wconf 80' lang='lat' dir='ltr'>sit</span> <span class='ocrx_word' id='word_1_149' title='bbox 1450 1057 1578 1095; x_wconf 87' lang='lat' dir='ltr'>Attici</span> 
     </span>
     <span class='ocr_line' id='line_1_18' title="bbox 411 1110 1580 1162; baseline 0 -15"><span class='ocrx_word' id='word_1_150' title='bbox 411 1112 601 1148; x_wconf 83' lang='lat' dir='ltr'>bonitatis</span> <span class='ocrx_word' id='word_1_151' title='bbox 631 1110 851 1160; x_wconf 84' lang='lat' dir='ltr'>exemplum</span> <span class='ocrx_word' id='word_1_152' title='bbox 871 1134 883 1154; x_wconf 80' lang='lat'>,</span> <span class='ocrx_word' id='word_1_153' title='bbox 913 1111 1015 1159; x_wconf 90' lang='lat' dir='ltr'>quod</span> <span class='ocrx_word' id='word_1_154' title='bbox 1044 1123 1128 1146; x_wconf 91' lang='lat' dir='ltr'>cum</span> <span class='ocrx_word' id='word_1_155' title='bbox 1163 1124 1206 1147; x_wconf 89' lang='lat' dir='ltr'>eo</span> <span class='ocrx_word' id='word_1_156' title='bbox 1223 1124 1335 1162; x_wconf 87' lang='lat' dir='ltr'>quem</span> <span class='ocrx_word' id='word_1_157' title='bbox 1361 1124 1517 1160; x_wconf 84' lang='lat' dir='ltr'>puerum</span> <span class='ocrx_word' id='word_1_158' title='bbox 1538 1114 1580 1147; x_wconf 88' lang='lat' dir='ltr'>in</span> 
     </span>
     <span class='ocr_line' id='line_1_19' title="bbox 411 1162 1581 1214; baseline 0.001 -14"><span class='ocrx_word' id='word_1_159' title='bbox 411 1164 506 1200; x_wconf 87' lang='lat' dir='ltr'>ludo</span> <span class='ocrx_word' id='word_1_160' title='bbox 524 1174 755 1214; x_wconf 69' lang='lat' dir='ltr'>cognoverat</span> <span class='ocrx_word' id='word_1_161' title='bbox 774 1186 787 1207; x_wconf 78' lang='lat'>,</span> <span class='ocrx_word' id='word_1_162' title='bbox 816 1163 910 1199; x_wconf 81' lang='lat' dir='ltr'>adeo</span> <span class='ocrx_word' id='word_1_163' title='bbox 927 1162 1130 1212; x_wconf 69' lang='lat' dir='ltr'>conjunEte</span> <span class='ocrx_word' id='word_1_164' title='bbox 1147 1167 1249 1199; x_wconf 80' lang='lat' dir='ltr'>vixit</span> <span class='ocrx_word' id='word_1_165' title='bbox 1267 1187 1279 1209; x_wconf 76' lang='lat'><em>‚</em></span> <span class='ocrx_word' id='word_1_166' title='bbox 1309 1176 1349 1200; x_wconf 90' lang='lat' dir='ltr'>ut</span> <span class='ocrx_word' id='word_1_167' title='bbox 1376 1165 1424 1200; x_wconf 82' lang='lat' dir='ltr'>ad</span> <span class='ocrx_word' id='word_1_168' title='bbox 1453 1176 1581 1201; x_wconf 79' lang='lat' dir='ltr'>extre-</span> 
     </span>
     <span class='ocr_line' id='line_1_20' title="bbox 410 1216 1581 1255; baseline 0 -1"><span class='ocrx_word' id='word_1_169' title='bbox 410 1231 512 1255; x_wconf 86' lang='lat' dir='ltr'>mam</span> <span class='ocrx_word' id='word_1_170' title='bbox 530 1228 678 1253; x_wconf 85' lang='lat' dir='ltr'>aetatem</span> <span class='ocrx_word' id='word_1_171' title='bbox 696 1216 867 1252; x_wconf 80' lang='lat' dir='ltr'>amicitia</span> <span class='ocrx_word' id='word_1_172' title='bbox 899 1230 1029 1253; x_wconf 88' lang='lat' dir='ltr'>eorum</span> <span class='ocrx_word' id='word_1_173' title='bbox 1059 1219 1224 1253; x_wconf 83' lang='lat' dir='ltr'>creverit</span> <span class='ocrx_word' id='word_1_174' title='bbox 1242 1243 1250 1251; x_wconf 90' lang='lat'><strong>.</strong></span> <span class='ocrx_word' id='word_1_175' title='bbox 1282 1216 1481 1254; x_wconf 83' lang='lat' dir='ltr'>Antonius</span> <span class='ocrx_word' id='word_1_176' title='bbox 1509 1231 1581 1254; x_wconf 83' lang='lat' dir='ltr'>au-</span> 
     </span>
     <span class='ocr_line' id='line_1_21' title="bbox 410 1269 1578 1316; baseline 0 -8"><span class='ocrx_word' id='word_1_177' title='bbox 410 1284 489 1308; x_wconf 87' lang='lat' dir='ltr'>tem</span> <span class='ocrx_word' id='word_1_178' title='bbox 507 1294 520 1315; x_wconf 84' lang='lat'>,</span> <span class='ocrx_word' id='word_1_179' title='bbox 550 1269 615 1307; x_wconf 80' lang='lat' dir='ltr'>etfi</span> <span class='ocrx_word' id='word_1_180' title='bbox 633 1281 742 1306; x_wconf 85' lang='lat' dir='ltr'>tanto</span> <span class='ocrx_word' id='word_1_181' title='bbox 758 1269 847 1307; x_wconf 93' lang='lat' dir='ltr'>odio</span> <span class='ocrx_word' id='word_1_182' title='bbox 864 1269 1054 1306; x_wconf 80' lang='lat' dir='ltr'>ferebatur</span> <span class='ocrx_word' id='word_1_183' title='bbox 1085 1272 1122 1306; x_wconf 90' lang='lat' dir='ltr'>in</span> <span class='ocrx_word' id='word_1_184' title='bbox 1140 1269 1368 1307; x_wconf 86' lang='lat' dir='ltr'>Ciceronem</span> <span class='ocrx_word' id='word_1_185' title='bbox 1391 1294 1403 1316; x_wconf 82' lang='lat'>‚</span> <span class='ocrx_word' id='word_1_186' title='bbox 1433 1283 1473 1307; x_wconf 88' lang='lat' dir='ltr'>ut</span> <span class='ocrx_word' id='word_1_187' title='bbox 1500 1285 1578 1308; x_wconf 88' lang='lat' dir='ltr'>non</span> 
     </span>
     <span class='ocr_line' id='line_1_22' title="bbox 411 1321 1579 1370; baseline 0 -8"><span class='ocrx_word' id='word_1_188' title='bbox 411 1324 532 1362; x_wconf 87' lang='lat' dir='ltr'>solum</span> <span class='ocrx_word' id='word_1_189' title='bbox 550 1327 583 1360; x_wconf 89' lang='lat' dir='ltr'>ei</span> <span class='ocrx_word' id='word_1_190' title='bbox 602 1347 614 1368; x_wconf 80' lang='lat'>‚</span> <span class='ocrx_word' id='word_1_191' title='bbox 645 1322 706 1360; x_wconf 87' lang='lat' dir='ltr'>sed</span> <span class='ocrx_word' id='word_1_192' title='bbox 723 1323 899 1359; x_wconf 90' lang='lat' dir='ltr'>omnibus</span> <span class='ocrx_word' id='word_1_193' title='bbox 917 1321 991 1359; x_wconf 85' lang='lat' dir='ltr'>suis</span> <span class='ocrx_word' id='word_1_194' title='bbox 1005 1326 1141 1360; x_wconf 84' lang='lat' dir='ltr'>amicis</span> <span class='ocrx_word' id='word_1_195' title='bbox 1158 1323 1247 1360; x_wconf 84' lang='lat' dir='ltr'>esset</span> <span class='ocrx_word' id='word_1_196' title='bbox 1268 1326 1447 1361; x_wconf 87' lang='lat' dir='ltr'>inimicus</span> <span class='ocrx_word' id='word_1_197' title='bbox 1468 1348 1480 1370; x_wconf 68' lang='lat'>3</span> <span class='ocrx_word' id='word_1_198' title='bbox 1497 1324 1579 1362; x_wconf 91' lang='lat' dir='ltr'>eos-</span> 
     </span>
     <span class='ocr_line' id='line_1_23' title="bbox 410 1375 1577 1428; baseline 0.001 -14"><span class='ocrx_word' id='word_1_199' title='bbox 410 1392 482 1428; x_wconf 85' lang='lat' dir='ltr'>que</span> <span class='ocrx_word' id='word_1_200' title='bbox 501 1377 620 1414; x_wconf 91' lang='lat' dir='ltr'>vellet</span> <span class='ocrx_word' id='word_1_201' title='bbox 636 1375 865 1426; x_wconf 83' lang='lat' dir='ltr'>proscribere</span> <span class='ocrx_word' id='word_1_202' title='bbox 885 1390 896 1421; x_wconf 79' lang='lat'>3</span> <span class='ocrx_word' id='word_1_203' title='bbox 914 1377 1048 1413; x_wconf 90' lang='lat' dir='ltr'>multis</span> <span class='ocrx_word' id='word_1_204' title='bbox 1065 1377 1310 1415; x_wconf 80' lang='lat' dir='ltr'>hortantibus</span> <span class='ocrx_word' id='word_1_205' title='bbox 1327 1389 1456 1414; x_wconf 81' lang='lat' dir='ltr'>tamen</span> <span class='ocrx_word' id='word_1_206' title='bbox 1474 1401 1486 1422; x_wconf 65' lang='lat'>3</span> <span class='ocrx_word' id='word_1_207' title='bbox 1500 1377 1577 1415; x_wconf 88' lang='lat' dir='ltr'>At-</span> 
     </span>
     <span class='ocr_line' id='line_1_24' title="bbox 411 1429 1576 1481; baseline 0.001 -13"><span class='ocrx_word' id='word_1_208' title='bbox 411 1434 481 1468; x_wconf 85' lang='lat' dir='ltr'>tici</span> <span class='ocrx_word' id='word_1_209' title='bbox 498 1444 643 1467; x_wconf 89' lang='lat' dir='ltr'>memor</span> <span class='ocrx_word' id='word_1_210' title='bbox 659 1429 734 1466; x_wconf 85' lang='lat' dir='ltr'>fuit</span> <span class='ocrx_word' id='word_1_211' title='bbox 752 1430 866 1467; x_wconf 86' lang='lat' dir='ltr'>officii</span> <span class='ocrx_word' id='word_1_212' title='bbox 884 1454 897 1475; x_wconf 82' lang='lat'>,</span> <span class='ocrx_word' id='word_1_213' title='bbox 927 1431 962 1466; x_wconf 71' lang='grc' dir='ltr'>ὃ(</span> <span class='ocrx_word' id='word_1_214' title='bbox 980 1432 1013 1466; x_wconf 86' lang='lat' dir='ltr'>ei</span> <span class='ocrx_word' id='word_1_215' title='bbox 1032 1454 1044 1475; x_wconf 81' lang='lat'>‚</span> <span class='ocrx_word' id='word_1_216' title='bbox 1074 1444 1158 1466; x_wconf 88' lang='lat' dir='ltr'>cum</span> <span class='ocrx_word' id='word_1_217' title='bbox 1177 1430 1384 1481; x_wconf 76' lang='lat' dir='ltr'>requisisset</span> <span class='ocrx_word' id='word_1_218' title='bbox 1417 1431 1576 1469; x_wconf 80' lang='lat' dir='ltr'>ubinam</span> 
     </span>
     <span class='ocr_line' id='line_1_25' title="bbox 411 1482 1579 1536; baseline 0.001 -14"><span class='ocrx_word' id='word_1_219' title='bbox 411 1484 501 1522; x_wconf 73' lang='lat' dir='ltr'>esset</span> <span class='ocrx_word' id='word_1_220' title='bbox 521 1508 533 1529; x_wconf 82' lang='lat'>,</span> <span class='ocrx_word' id='word_1_221' title='bbox 564 1483 623 1520; x_wconf 85' lang='lat' dir='ltr'>sua</span> <span class='ocrx_word' id='word_1_222' title='bbox 644 1497 761 1520; x_wconf 84' lang='lat' dir='ltr'>manu</span> <span class='ocrx_word' id='word_1_223' title='bbox 794 1482 938 1533; x_wconf 77' lang='lat' dir='ltr'>scripsit</span> <span class='ocrx_word' id='word_1_224' title='bbox 969 1497 1016 1520; x_wconf 91' lang='lat' dir='ltr'>ne</span> <span class='ocrx_word' id='word_1_225' title='bbox 1045 1486 1198 1520; x_wconf 87' lang='lat' dir='ltr'>timeret</span> <span class='ocrx_word' id='word_1_226' title='bbox 1217 1508 1229 1529; x_wconf 83' lang='lat'>,</span> <span class='ocrx_word' id='word_1_227' title='bbox 1256 1483 1460 1536; x_wconf 83' lang='lat' dir='ltr'>statimque</span> <span class='ocrx_word' id='word_1_228' title='bbox 1475 1485 1522 1522; x_wconf 80' lang='lat' dir='ltr'>ad</span> <span class='ocrx_word' id='word_1_229' title='bbox 1543 1484 1579 1523; x_wconf 90' lang='lat' dir='ltr'>se</span> 
     </span>
     <span class='ocr_line' id='line_1_26' title="bbox 411 1535 1578 1588; baseline 0 -12"><span class='ocrx_word' id='word_1_230' title='bbox 411 1540 560 1577; x_wconf 87' lang='lat' dir='ltr'>veniret</span> <span class='ocrx_word' id='word_1_231' title='bbox 581 1552 586 1573; x_wconf 92' lang='lat'>:</span> <span class='ocrx_word' id='word_1_232' title='bbox 605 1536 642 1574; x_wconf 90' lang='lat' dir='ltr'>se</span> <span class='ocrx_word' id='word_1_233' title='bbox 657 1551 742 1574; x_wconf 90' lang='lat' dir='ltr'>eum</span> <span class='ocrx_word' id='word_1_234' title='bbox 761 1559 774 1582; x_wconf 82' lang='lat'>,</span> <span class='ocrx_word' id='word_1_235' title='bbox 791 1538 826 1573; x_wconf 85' lang='lat'>&amp;</span> <span class='ocrx_word' id='word_1_236' title='bbox 841 1535 1018 1574; x_wconf 88' lang='lat' dir='ltr'>Gellium</span> <span class='ocrx_word' id='word_1_237' title='bbox 1035 1536 1202 1574; x_wconf 81' lang='lat' dir='ltr'>Canium</span> <span class='ocrx_word' id='word_1_238' title='bbox 1220 1538 1265 1574; x_wconf 91' lang='lat' dir='ltr'>de</span> <span class='ocrx_word' id='word_1_239' title='bbox 1282 1537 1578 1588; x_wconf 86' lang='lat' dir='ltr'>proscriptorum</span> 
     </span>
     <span class='ocr_line' id='line_1_27' title="bbox 412 1590 1578 1641; baseline 0.002 -13"><span class='ocrx_word' id='word_1_240' title='bbox 412 1605 570 1628; x_wconf 84' lang='lat' dir='ltr'>numero</span> <span class='ocrx_word' id='word_1_241' title='bbox 587 1590 764 1627; x_wconf 72' lang='lat' dir='ltr'>exemisse</span> <span class='ocrx_word' id='word_1_242' title='bbox 782 1618 790 1626; x_wconf 89' lang='lat'><strong>.</strong></span> <span class='ocrx_word' id='word_1_243' title='bbox 807 1604 850 1628; x_wconf 85' lang='lat' dir='ltr'>ac</span> <span class='ocrx_word' id='word_1_244' title='bbox 867 1615 880 1637; x_wconf 66' lang='lat'>5</span> <span class='ocrx_word' id='word_1_245' title='bbox 897 1605 943 1628; x_wconf 91' lang='lat' dir='ltr'>ne</span> <span class='ocrx_word' id='word_1_246' title='bbox 959 1592 1059 1641; x_wconf 90' lang='lat' dir='ltr'>quod</span> <span class='ocrx_word' id='word_1_247' title='bbox 1080 1594 1116 1628; x_wconf 91' lang='lat' dir='ltr'>in</span> <span class='ocrx_word' id='word_1_248' title='bbox 1136 1592 1347 1641; x_wconf 83' lang='lat' dir='ltr'>periculum</span> <span class='ocrx_word' id='word_1_249' title='bbox 1364 1592 1550 1630; x_wconf 87' lang='lat' dir='ltr'>incideret</span> <span class='ocrx_word' id='word_1_250' title='bbox 1563 1616 1578 1638; x_wconf 72' lang='lat'>²</span> 
     </span>
     <span class='ocr_line' id='line_1_28' title="bbox 411 1643 1576 1696; baseline 0 -14"><span class='ocrx_word' id='word_1_251' title='bbox 411 1645 513 1696; x_wconf 84' lang='lat' dir='ltr'>quod</span> <span class='ocrx_word' id='word_1_252' title='bbox 531 1643 643 1681; x_wconf 68' lang='lat' dir='ltr'>nocstu</span> <span class='ocrx_word' id='word_1_253' title='bbox 662 1644 777 1681; x_wconf 79' lang='lat' dir='ltr'>fiebat</span> <span class='ocrx_word' id='word_1_254' title='bbox 795 1668 808 1690; x_wconf 83' lang='lat'>,</span> <span class='ocrx_word' id='word_1_255' title='bbox 838 1644 1046 1694; x_wconf 79' lang='lat' dir='ltr'>praesidium</span> <span class='ocrx_word' id='word_1_256' title='bbox 1064 1648 1098 1682; x_wconf 88' lang='lat' dir='ltr'>ei</span> <span class='ocrx_word' id='word_1_257' title='bbox 1115 1646 1215 1682; x_wconf 78' lang='lat' dir='ltr'>misit</span> <span class='ocrx_word' id='word_1_258' title='bbox 1231 1673 1239 1681; x_wconf 91' lang='lat'><strong><em>.</em></strong></span> <span class='ocrx_word' id='word_1_259' title='bbox 1274 1646 1333 1683; x_wconf 87' lang='lat' dir='ltr'>Sic</span> <span class='ocrx_word' id='word_1_260' title='bbox 1359 1644 1519 1684; x_wconf 85' lang='lat' dir='ltr'>Atticus</span> <span class='ocrx_word' id='word_1_261' title='bbox 1536 1650 1576 1683; x_wconf 93' lang='lat' dir='ltr'>in</span> 
     </span>
     <span class='ocr_line' id='line_1_29' title="bbox 411 1697 1578 1750; baseline 0 -14"><span class='ocrx_word' id='word_1_262' title='bbox 411 1699 560 1736; x_wconf 80' lang='lat' dir='ltr'>summo</span> <span class='ocrx_word' id='word_1_263' title='bbox 577 1701 715 1735; x_wconf 89' lang='lat' dir='ltr'>timore</span> <span class='ocrx_word' id='word_1_264' title='bbox 732 1712 808 1735; x_wconf 91' lang='lat' dir='ltr'>non</span> <span class='ocrx_word' id='word_1_265' title='bbox 824 1697 945 1735; x_wconf 88' lang='lat' dir='ltr'>solum</span> <span class='ocrx_word' id='word_1_266' title='bbox 964 1698 1028 1734; x_wconf 79' lang='lat' dir='ltr'>fibi</span> <span class='ocrx_word' id='word_1_267' title='bbox 1047 1722 1059 1743; x_wconf 76' lang='lat'>,</span> <span class='ocrx_word' id='word_1_268' title='bbox 1090 1697 1151 1736; x_wconf 86' lang='lat' dir='ltr'>sed</span> <span class='ocrx_word' id='word_1_269' title='bbox 1183 1702 1300 1735; x_wconf 82' lang='lat' dir='ltr'>etiam</span> <span class='ocrx_word' id='word_1_270' title='bbox 1333 1702 1366 1736; x_wconf 91' lang='lat' dir='ltr'>ei</span> <span class='ocrx_word' id='word_1_271' title='bbox 1387 1713 1498 1750; x_wconf 87' lang='lat' dir='ltr'>quern</span> <span class='ocrx_word' id='word_1_272' title='bbox 1516 1713 1578 1737; x_wconf 82' lang='lat' dir='ltr'>ca-</span> 
     </span>
     <span class='ocr_line' id='line_1_30' title="bbox 410 1750 1580 1803; baseline 0.001 -14"><span class='ocrx_word' id='word_1_273' title='bbox 410 1753 592 1789; x_wconf 72' lang='lat' dir='ltr'>riffimum</span> <span class='ocrx_word' id='word_1_274' title='bbox 609 1751 771 1788; x_wconf 88' lang='lat' dir='ltr'>habebat</span> <span class='ocrx_word' id='word_1_275' title='bbox 790 1775 802 1797; x_wconf 80' lang='lat'>,</span> <span class='ocrx_word' id='word_1_276' title='bbox 832 1751 1000 1801; x_wconf 79' lang='lat' dir='ltr'>praesidio</span> <span class='ocrx_word' id='word_1_277' title='bbox 1016 1751 1091 1788; x_wconf 78' lang='lat' dir='ltr'>fuit</span> <span class='ocrx_word' id='word_1_278' title='bbox 1109 1779 1117 1788; x_wconf 89' lang='lat'>.</span> <span class='ocrx_word' id='word_1_279' title='bbox 1149 1750 1287 1803; x_wconf 89' lang='lat' dir='ltr'>Neque</span> <span class='ocrx_word' id='word_1_280' title='bbox 1303 1756 1406 1790; x_wconf 91' lang='lat' dir='ltr'>enim</span> <span class='ocrx_word' id='word_1_281' title='bbox 1433 1752 1503 1790; x_wconf 83' lang='lat' dir='ltr'>suae</span> <span class='ocrx_word' id='word_1_282' title='bbox 1519 1752 1580 1791; x_wconf 88' lang='lat' dir='ltr'>so-</span> 
     </span>
     <span class='ocr_line' id='line_1_31' title="bbox 411 1805 1578 1858; baseline 0.002 -15"><span class='ocrx_word' id='word_1_283' title='bbox 411 1807 529 1843; x_wconf 87' lang='lat' dir='ltr'>luma</span> <span class='ocrx_word' id='word_1_284' title='bbox 548 1818 739 1856; x_wconf 81' lang='lat' dir='ltr'>quoquam</span> <span class='ocrx_word' id='word_1_285' title='bbox 769 1805 959 1843; x_wconf 76' lang='lat' dir='ltr'>auxilium</span> <span class='ocrx_word' id='word_1_286' title='bbox 986 1809 1098 1855; x_wconf 86' lang='lat' dir='ltr'>petiit</span> <span class='ocrx_word' id='word_1_287' title='bbox 1132 1805 1263 1843; x_wconf 65' lang='lat' dir='ltr'>salutis</span> <span class='ocrx_word' id='word_1_288' title='bbox 1281 1830 1294 1852; x_wconf 78' lang='lat'>‚</span> <span class='ocrx_word' id='word_1_289' title='bbox 1325 1806 1386 1844; x_wconf 92' lang='lat' dir='ltr'>sed</span> <span class='ocrx_word' id='word_1_290' title='bbox 1417 1809 1578 1858; x_wconf 85' lang='lat' dir='ltr'>conjun-</span> 
     </span>
     <span class='ocr_line' id='line_1_32' title="bbox 411 1858 1578 1910; baseline 0.001 -13"><span class='ocrx_word' id='word_1_291' title='bbox 411 1860 504 1897; x_wconf 69' lang='lat' dir='ltr'>&amp;im</span> <span class='ocrx_word' id='word_1_292' title='bbox 523 1875 530 1896; x_wconf 87' lang='lat'><strong>:</strong></span> <span class='ocrx_word' id='word_1_293' title='bbox 561 1872 602 1896; x_wconf 92' lang='lat' dir='ltr'>ut</span> <span class='ocrx_word' id='word_1_294' title='bbox 618 1870 816 1909; x_wconf 85' lang='lat' dir='ltr'>appareret</span> <span class='ocrx_word' id='word_1_295' title='bbox 835 1883 847 1905; x_wconf 79' lang='lat'>,</span> <span class='ocrx_word' id='word_1_296' title='bbox 875 1860 1024 1896; x_wconf 80' lang='lat' dir='ltr'>nullam</span> <span class='ocrx_word' id='word_1_297' title='bbox 1043 1858 1248 1910; x_wconf 67' lang='lat' dir='ltr'>sejun6iam</span> <span class='ocrx_word' id='word_1_298' title='bbox 1266 1860 1332 1897; x_wconf 80' lang='lat' dir='ltr'>fibi</span> <span class='ocrx_word' id='word_1_299' title='bbox 1349 1860 1396 1897; x_wconf 80' lang='lat' dir='ltr'>ab</span> <span class='ocrx_word' id='word_1_300' title='bbox 1412 1875 1456 1898; x_wconf 92' lang='lat' dir='ltr'>eo</span> <span class='ocrx_word' id='word_1_301' title='bbox 1474 1861 1578 1898; x_wconf 75' lang='lat' dir='ltr'>velle</span> 
     </span>
     <span class='ocr_line' id='line_1_33' title="bbox 410 1912 1575 1972; baseline -0.001 -21"><span class='ocrx_word' id='word_1_302' title='bbox 410 1913 606 1951; x_wconf 77' lang='lat' dir='ltr'>fortunam</span> <span class='ocrx_word' id='word_1_303' title='bbox 623 1941 632 1948; x_wconf 93' lang='lat'>.</span> <span class='ocrx_word' id='word_1_304' title='bbox 663 1913 778 1972; x_wconf 76' lang='lat' dir='ltr'>Qod</span> <span class='ocrx_word' id='word_1_305' title='bbox 795 1912 818 1949; x_wconf 87' lang='lat' dir='ltr'>fi</span> <span class='ocrx_word' id='word_1_306' title='bbox 849 1912 1079 1963; x_wconf 87' lang='lat' dir='ltr'>gubernator</span> <span class='ocrx_word' id='word_1_307' title='bbox 1108 1916 1292 1964; x_wconf 87' lang='lat' dir='ltr'>praecipua</span> <span class='ocrx_word' id='word_1_308' title='bbox 1311 1914 1424 1951; x_wconf 78' lang='lat' dir='ltr'>laude</span> <span class='ocrx_word' id='word_1_309' title='bbox 1456 1913 1575 1952; x_wconf 86' lang='lat' dir='ltr'>fertur</span> 
     </span>
     <span class='ocr_line' id='line_1_34' title="bbox 411 1966 1574 2018; baseline -0.001 -14"><span class='ocrx_word' id='word_1_310' title='bbox 411 1970 478 2018; x_wconf 88' lang='lat' dir='ltr'>qui</span> <span class='ocrx_word' id='word_1_311' title='bbox 509 1980 646 2004; x_wconf 83' lang='lat' dir='ltr'>navem</span> <span class='ocrx_word' id='word_1_312' title='bbox 676 1980 721 2003; x_wconf 85' lang='lat' dir='ltr'>ex</span> <span class='ocrx_word' id='word_1_313' title='bbox 739 1966 864 2003; x_wconf 84' lang='lat' dir='ltr'>hieme</span> <span class='ocrx_word' id='word_1_314' title='bbox 892 1969 1064 2018; x_wconf 83' lang='lat' dir='ltr'>marique</span> <span class='ocrx_word' id='word_1_315' title='bbox 1095 1966 1292 2018; x_wconf 88' lang='lat' dir='ltr'>scopuloso</span> <span class='ocrx_word' id='word_1_316' title='bbox 1325 1967 1447 2005; x_wconf 81' lang='lat' dir='ltr'>servat</span> <span class='ocrx_word' id='word_1_317' title='bbox 1468 1982 1480 2012; x_wconf 75' lang='lat'>3</span> <span class='ocrx_word' id='word_1_318' title='bbox 1509 1980 1574 2004; x_wconf 91' lang='lat' dir='ltr'>cur</span> 
     </span>
     <span class='ocr_line' id='line_1_35' title="bbox 412 2019 1574 2073; baseline -0.002 -15"><span class='ocrx_word' id='word_1_319' title='bbox 412 2035 490 2058; x_wconf 86' lang='lat' dir='ltr'>non</span> <span class='ocrx_word' id='word_1_320' title='bbox 520 2020 719 2072; x_wconf 76' lang='lat' dir='ltr'>singularis</span> <span class='ocrx_word' id='word_1_321' title='bbox 749 2021 828 2071; x_wconf 91' lang='lat' dir='ltr'>ejus</span> <span class='ocrx_word' id='word_1_322' title='bbox 860 2019 1096 2058; x_wconf 82' lang='lat' dir='ltr'>existimetur</span> <span class='ocrx_word' id='word_1_323' title='bbox 1125 2021 1327 2073; x_wconf 82' lang='lat' dir='ltr'>prudentia</span> <span class='ocrx_word' id='word_1_324' title='bbox 1345 2025 1409 2072; x_wconf 91' lang='lat' dir='ltr'>qui</span> <span class='ocrx_word' id='word_1_325' title='bbox 1440 2035 1484 2059; x_wconf 85' lang='lat' dir='ltr'>ex</span> <span class='ocrx_word' id='word_1_326' title='bbox 1515 2031 1574 2056; x_wconf 88' lang='lat' dir='ltr'>tot</span> 
     </span>
     <span class='ocr_line' id='line_1_36' title="bbox 412 2074 1575 2128; baseline -0.003 -16"><span class='ocrx_word' id='word_1_327' title='bbox 412 2086 567 2127; x_wconf 84' lang='lat' dir='ltr'>tamque</span> <span class='ocrx_word' id='word_1_328' title='bbox 582 2074 762 2128; x_wconf 82' lang='lat' dir='ltr'>gravibus</span> <span class='ocrx_word' id='word_1_329' title='bbox 779 2074 961 2128; x_wconf 86' lang='lat' dir='ltr'>procellis</span> <span class='ocrx_word' id='word_1_330' title='bbox 978 2074 1160 2117; x_wconf 81' lang='lat' dir='ltr'>civilibus</span> <span class='ocrx_word' id='word_1_331' title='bbox 1185 2075 1234 2117; x_wconf 80' lang='lat' dir='ltr'>ad</span> <span class='ocrx_word' id='word_1_332' title='bbox 1266 2076 1575 2115; x_wconf 84' lang='lat' dir='ltr'>incolumitatem</span> 
     </span>
    </p>
   </div>
   <div class='ocr_carea' id='block_1_3' title="bbox 1441 2142 1527 2181">
    <p class='ocr_par' dir='ltr' id='par_1_4' title="bbox 1441 2142 1527 2181">
     <span class='ocr_line' id='line_1_37' title="bbox 1441 2142 1527 2181; baseline -0.012 -16"><span class='ocrx_word' id='word_1_333' title='bbox 1441 2142 1527 2181; x_wconf 69' lang='lat' dir='ltr'><strong>pet·-</strong></span> 
     </span>
    </p>
   </div>
   <div class='ocr_carea' id='block_1_4' title="bbox 810 2575 1714 2719">
    <p class='ocr_par' dir='ltr' id='par_1_5' title="bbox 810 2575 1714 2719">
     <span class='ocr_line' id='line_1_38' title="bbox 810 2575 1714 2719; baseline 0 0"><span class='ocrx_word' id='word_1_334' title='bbox 810 2711 888 2719; x_wconf 26' lang='lat' dir='ltr'>r.</span> <span class='ocrx_word' id='word_1_335' title='bbox 1153 2716 1185 2719; x_wconf 65' lang='grc'><strong><em>,</em></strong></span> <span class='ocrx_word' id='word_1_336' title='bbox 1439 2718 1442 2719; x_wconf 15' lang='lat' dir='ltr'>ff</span> <span class='ocrx_word' id='word_1_337' title='bbox 1503 2575 1714 2719; x_wconf 25' lang='lat' dir='ltr'>Ml</span> 
     </span>
    </p>
   </div>
  </div>
 </body>
</html>
