1714 2719
252 123 840 168 ALCIBIADES.
924 123 1016 164 VII.
1126 138 1173 175 29

68 227 139 253 nus
155 211 298 251 multos
313 210 457 248 amavit
474 235 482 243 .
515 210 552 244 in
571 221 730 258 quorum
746 219 876 245 amore
891 229 904 248 ,
931 207 1052 256 quoad
1072 207 1224 244 licitum

70 267 120 307 cst
141 292 152 311 ‚
182 264 304 304 odiosa
322 263 441 300 multa
459 261 622 298 delicate
649 260 848 311 jocoseque
867 258 958 297 fecit
978 274 985 295 :
1017 274 1093 311 qua*
1113 259 1228 297 rescr-

73 333 195 359 remus
211 343 226 366 ,
253 317 318 356 uisi
335 318 476 366 majora
496 317 721 364 potioraque
738 314 958 350 haberemus
976 339 984 347 .

127 372 196 411 lll.
229 370 335 409 Bello
352 367 668 419 Peloponnesiaco
698 368 809 417 hujus
840 366 997 404 consilio
1013 379 1128 416 atque
1159 380 1227 403 au-

73 428 244 466 &oritate
260 421 512 462 Athenienses
531 421 674 458 bellum
705 419 948 469 Syracusanis
974 420 1195 457 indixerunt
1215 446 1226 454 .

73 482 119 519 ad
136 478 233 531 quod
248 477 451 528 gerendum
470 473 548 525 ipse
563 475 637 511 dux
654 473 822 512 delearis
839 472 888 512 est
907 501 915 509 .
946 474 1020 510 duo
1051 486 1227 522 praetcrea

73 534 223 583 collegae
239 533 318 567 dati
337 553 349 574 ‚
379 529 512 566 Nicias
531 552 543 569 s
572 530 605 564 ὃ(
626 526 840 565 Lamachus
857 555 865 562 .
899 525 941 564 Id
958 542 1041 565 cum
1069 540 1231 578 appara-

73 599 173 624 retur
188 608 202 630 ,
259 587 333 620 rius
349 597 460 633 quam
479 581 600 619 classis
617 584 736 618 exiret
756 605 769 627 ‚
798 582 938 618 accidit
957 594 996 618 ut
1015 594 1086 617 una
1118 579 1230 617 nocssle

70 651 202 678 omnes
237 635 372 674 {erma-
390 638 509 686 quiin
527 635 668 685 oppido
685 646 791 672 erant
810 633 979 672 Athenis
992 659 1004 680 ,
1021 635 1233 684 dejiceren-

70 704 133 731 tur
149 715 163 737 ,
192 703 322 742 prater
338 703 453 726 unum
471 712 484 733 ,
514 692 579 739 qui
595 699 685 725 ante
698 689 852 738 januam
871 687 1086 726 Andocidis
1116 699 1194 724 erat
1212 709 1231 732 ,

72 743 359 793 Andocidisquc
376 741 539 779 Hermes
559 753 715 779 vocatus
745 741 795 778 est
813 769 822 778 .
854 739 943 780 Hoc
959 756 1042 779 cum
1070 754 1231 791 appare-

75 811 130 836 ret
149 812 224 834 non
242 797 316 834 sinc
332 809 466 847 magna
484 796 690 832 multorum
709 793 947 833 consensione
963 795 1035 833 else
1052 794 1193 832 fassum
1211 816 1229 838 ²

73 852 174 903 quod
194 865 269 887 non
286 851 330 886 ad
352 852 541 899 privatam
561 872 573 892 ‚
604 847 664 885 sed
681 849 726 884 ad
745 848 936 897 publicam
956 863 1031 886 rem
1059 850 1228 899 pertine-

73 916 129 941 ret
147 927 160 949 ,
176 916 334 953 magnus
353 902 593 938 multitudini
611 904 728 938 timor
743 900 793 937 est
811 902 970 951 injeSlus
987 926 1001 945 5
1018 917 1064 939 ne
1080 914 1152 952 qua
1170 914 1228 938 re-

72 959 227 1008 pentina
247 957 304 992 vis
323 958 359 990 in
390 957 551 991 civitate
567 953 753 990 exsisteret
771 977 784 999 ‚
814 968 891 1004 quae
917 956 1050 1006 populi
1068 954 1229 991 liberta·-

72 1023 150 1048 tem
167 1010 397 1058 opprimeret
416 1034 424 1042 .
457 1004 545 1044 Hoc
573 1009 741 1044 maxime
756 1011 962 1046 convenire
991 1010 1030 1045 in
1047 1006 1231 1045 Alcibia-

74 1063 158 1101 dem
176 1060 375 1098 videbatur
391 1084 404 1106 ,
421 1061 520 1111 quod
537 1060 572 1096 ὃ(
590 1064 784 1110 potentior
797 1084 812 1106 ,
828 1062 863 1097 &
880 1063 1000 1112 major
1019 1075 1131 1112 quam
1150 1062 1232 1110 pri-

77 1129 208 1160 vatus,
224 1113 511 1151 existimabatur
528 1141 536 1148 .
556 1114 699 1151 multos
715 1117 817 1151 enim
836 1115 1074 1153 liberalitate
1090 1115 1230 1152 devin-

75 1180 195 1213 xerat,
206 1167 332 1217 plures
349 1170 465 1204 etiam
483 1181 594 1216 opera
612 1167 747 1204 forensi
764 1167 846 1205 suos
863 1170 1091 1206 reddiderat.
1109 1181 1178 1218 qua
1187 1181 1227 1204 re

75 1222 186 1260 fiebat
202 1234 242 1258 ut
258 1223 430 1258 omnium
446 1220 577 1257 oculos
595 1244 609 1267 ‚
643 1220 954 1273 quotiescumque
971 1225 1009 1259 in
1028 1221 1227 1272 publicum

73 1273 251 1327 prodisset
268 1298 280 1319 ‚
298 1275 343 1311 ad
360 1273 395 1312 se
412 1285 648 1311 converteret
666 1298 678 1319 ‚
697 1288 818 1325 neque
833 1278 865 1312 ei
884 1289 952 1326 par
967 1275 1166 1327 quisquam
1184 1277 1228 1312 in

74 1331 232 1368 civitate
259 1339 460 1378 poneretur
477 1355 485 1363 .
515 1325 650 1378 Itaque
666 1342 740 1364 non
770 1327 890 1365 solum
910 1329 1011 1380 spem
1031 1332 1068 1366 in
1100 1343 1143 1366 eo
1159 1328 1228 1365 ha-

75 1381 210 1420 bebant
226 1384 432 1419 maximam
451 1405 464 1427 ‚
493 1380 553 1418 sed
571 1384 686 1418 etiam
704 1384 881 1419 timorem
898 1407 911 1428 ‚
937 1384 1035 1434 quod
1053 1384 1087 1420 S<
1104 1380 1228 1419 obesse

73 1436 278 1487 plurimum
295 1436 330 1471 ὅ(
347 1434 514 1486 prodesse
531 1446 678 1485 poterat
695 1460 704 1469 .
735 1434 1017 1487 Aspergebatur
1033 1440 1148 1474 etiam
1166 1439 1228 1472 in-

74 1488 191 1527 samia
208 1513 221 1534 ,
249 1489 349 1539 quod
367 1492 404 1525 in
421 1489 534 1526 domo
565 1487 625 1525 sua
656 1487 780 1526 facere
808 1489 984 1538 mysteria
1001 1490 1196 1528 dicebatur
1215 1502 1228 1527 t

76 1543 176 1594 quod
191 1542 295 1580 nefas
312 1555 390 1580 erat
407 1556 511 1579 more
527 1541 820 1579 Athenienfium
839 1559 846 1579 z
879 1545 992 1595 idque
1011 1559 1087 1581 non
1106 1544 1153 1580 ad
1170 1557 1228 1580 re-

76 1597 258 1647 ligionem
275 1620 290 1642 ,
319 1595 379 1633 sed
395 1597 442 1633 ad
459 1597 761 1647 conjurationem
778 1599 968 1647 pertinere
983 1596 1227 1636 existimaba-

74 1661 137 1687 tur
151 1677 160 1686 .

129 1701 198 1740 IV.
229 1701 316 1742 Hoc
331 1706 492 1742 crimine
521 1707 559 1740 in
576 1706 859 1742 contentionem
876 1704 922 1742 ab
939 1707 1107 1743 inimicis
1123 1718 1226 1742 com-

78 1756 287 1806 pellebatur
304 1785 311 1793 .
331 1758 398 1794 Sed
418 1757 579 1795 instabat
596 1770 745 1810 tempus
760 1760 806 1795 ad
826 1759 968 1796 bellum
986 1758 1227 1809 proficiscen-

77 1809 117 1847 di
133 1837 143 1845 .
172 1807 216 1848 Id
230 1810 299 1848 ille
329 1814 479 1848 intuens
497 1835 510 1856 ,
540 1825 661 1862 neque
689 1815 869 1864 ignorans
898 1816 1043 1850 civium
1073 1811 1224 1850 suorum

77 1862 382 1902 consuetudinem
400 1889 413 1910 ,
443 1863 656 1916 postulabat
684 1878 726 1903 ut
743 1890 756 1911 ,
785 1865 809 1902 fi
826 1866 917 1917 quid
934 1867 980 1904 de
996 1865 1032 1904 se
1060 1869 1123 1918 agi
1139 1865 1226 1903 vel-

76 1915 158 1954 {ent
176 1940 189 1963 ,
216 1921 343 1968 potius
358 1919 404 1956 de
419 1918 593 1970 praesenti
609 1918 760 1970 quaestio
776 1919 976 1957 haberetur
992 1944 1005 1966 ,
1030 1933 1143 1971 quam
1158 1918 1226 1956 ab-

76 1969 159 2008 sens
189 1973 342 2009 invidiae
369 1976 530 2010 crimine
557 1972 792 2010 accusaretur
808 2000 817 2008 .
846 1971 1002 2011 Inimici
1029 1988 1118 2011 vero
1146 1974 1226 2023 ejus

77 2021 341 2075 quiescendum
356 2029 396 2064 iu
425 2025 597 2077 praesenti
613 2049 626 2073 ,
656 2030 744 2078 quia
761 2041 894 2066 nocere
923 2026 959 2065 se
983 2030 1108 2066 cinon
1125 2024 1228 2076 poffe

1121 2094 1178 2118 m-
