1714 2719
368 172 982 214 TEsTlMoNlA.
1126 178 1206 212 xvii

83 271 246 311 quorum
261 256 419 295 Gellius
434 258 613 293 meminit
632 255 700 292 lib.
724 253 795 292 xl.
813 267 895 304 cap.
917 252 1026 290 V111.
1049 255 1084 291 ὅ(
1108 256 1259 292 Sci-vius

85 317 124 350 in
149 327 179 349 ι.
200 311 300 350 AEn.
320 310 465 348 Eorum
484 309 624 346 librum
643 307 791 345 [LXV.
816 310 850 344 ὅ(
870 306 984 345 XVI.
1004 310 1100 346 citat
1119 309 1265 346 Chari-

86 368 157 404 sius
175 393 184 402 .
215 365 274 402 Ex
293 364 352 402 his
369 364 550 401 habemus
570 365 712 414 viginti
730 362 824 399 duos
841 373 1059 401 exterarum
1085 365 1262 413 gentium

90 424 338 470 imperatores
356 444 365 453 .
396 416 549 454 Ceteris
574 416 684 453 libris
716 414 829 467 egisse
845 416 892 453 de
925 414 1122 453 Romanis
1145 440 1158 462 ,
1189 417 1262 453 haec

87 475 167 525 ejus
186 472 297 510 verba
315 471 516 509 ostendunt
536 473 574 506 in
591 483 760 507 extrema
791 467 1033 507 Hannibalis
1053 473 1131 506 vita
1153 485 1160 506 :
1193 470 1266 506 Sed

85 539 147 563 nos
160 535 295 574 tempus
309 524 356 572 est
369 524 477 571 hrqjus
493 523 575 560 libri
582 522 705 571 facere
710 522 823 569 finem
839 547 852 568 ,
882 523 926 565 (θ’
956 525 1191 571 Romanorum
1204 537 1264 558 ex—

79 579 215 628 plicare
229 582 452 628 imperatores
469 602 482 623 ,
512 591 579 624 quo
598 575 757 624 finilius
785 575 930 612 collatis
961 586 1191 623 utrorumque
1195 576 1266 624 βι-

82 632 155 670 aslis
172 658 185 679 ,
201 635 265 680 qui
280 635 355 669 viri
365 630 654 681 preferendist'nt
667 655 678 675 ,
690 627 969 677 pqsJt'tjudicari
988 656 996 664 .
1026 631 1167 680 Operis
1184 633 1265 682 ejus

80 688 250 738 'genuina
284 686 482 737 inscriptio
514 697 620 735 patet
637 697 681 722 ex
714 684 865 721 ultimis
888 683 988 721 hisce
1018 683 1261 734 praefationis

85 741 214 778 verbis
233 756 240 777 ε
273 745 391 793 Qare
405 738 453 775 ad
465 739 672 788 propofi‘tum
688 739 866 774 veniemus
882 761 895 783 ,
925 738 968 780 a&
985 740 1024 772 in
1039 736 1099 774 hoc
1121 747 1265 786 expone-

82 793 496 830 mmlihmvl'rAs
525 790 1130 829 EXCELLENTIUM
1161 790 1268 828 IM-

83 846 115 885 P
132 846 165 884 E
183 846 223 885 R
244 846 280 884 A
301 847 335 884 'l‘
351 848 387 884 Ο
406 845 445 884 R
467 846 502 883 U
523 846 570 882 M
598 873 606 880 .
652 844 788 882 Ptaeter
827 847 1077 895 imperatores
1112 843 1262 883 seorfim

83 899 254 938 exarasse
273 901 414 937 librum
433 900 478 936 de
509 899 658 949 regibus
677 921 690 942 ,
716 911 943 949 argumento
961 899 1035 936 haec
1052 911 1162 935 erunt
1184 913 1264 949 quae

86 946 349 990 Timoleontis
365 955 453 990 vitae
482 951 635 988 subdit:
670 953 726 987 Hi
746 949 828 997 sbre
846 949 952 998 fuere
972 953 1119 986 Graeciae
1142 954 1263 998 gentis

80 1004 185 1042 duces
213 1009 277 1052 qui
290 1007 453 1041 memoria
480 1003 581 1052 digni
600 1002 792 1039 videantur
812 1027 823 1049 ,
849 1014 977 1052 praeter
994 1017 1084 1052 reges
1105 1031 1114 1039 .
1146 1009 1265 1040 Nam-

83 1072 150 1107 que
163 1072 220 1095 eos
233 1062 408 1108 attingere
422 1056 599 1094 noluimus
615 1080 628 1102 ‚
646 1055 741 1103 quod
756 1059 910 1092 onmium
938 1070 990 1093 res
998 1057 1100 1105 gesta·
1119 1057 1268 1106 ftpara-

83 1117 152 1149 tim
157 1113 248 1162 fimt
263 1112 400 1149 relatae.
414 1118 540 1160 Neque
556 1121 673 1147 tamen
686 1109 724 1146 bi
738 1109 926 1146 admodum
932 1110 1023 1159 fimt
1038 1110 1148 1146 multi
1154 1138 1162 1144 .
1184 1111 1266 1148 Ex-

85 1170 187 1205 terni
221 1170 468 1218 imperatores
497 1178 592 1217 quos
630 1164 811 1202 habemus
833 1188 846 1209 ,
880 1163 1044 1202 AEmilii
1069 1163 1143 1202 esse
1173 1164 1268 1202 Pro-

86 1220 161 1258 bia
181 1221 315 1258 multis
333 1220 538 1258 creduntur
555 1245 563 1253 .
594 1220 674 1277 Qi
693 1231 796 1255 error
816 1219 904 1255 inde
920 1221 1099 1268 provenit
1120 1243 1132 1264 ‚
1164 1220 1267 1269 quod

85 1273 245 1311 librario
292 1276 328 1310 id
360 1272 476 1311 fuerit
513 1285 652 1309 nomen
683 1274 749 1322 qui
780 1274 882 1309 vitas
905 1285 967 1309 eas
997 1274 1140 1322 partim
1172 1271 1234 1309 sua
1255 1297 1269 1319 ,

85 1331 227 1378 partim
249 1329 368 1378 patris
385 1328 421 1364 &
441 1328 577 1363 matris
608 1339 723 1361 manu
743 1323 902 1375 scriptas
922 1350 934 1371 ‚
968 1324 1182 1362 Theodofio
1198 1327 1267 1363 ob-

85 1381 180 1419 tulit
197 1408 205 1416 .
238 1379 329 1418 Hoc
346 1384 397 1418 ita
418 1378 490 1418 effe
508 1404 522 1426 ,
563 1378 767 1416 ostendunt
787 1379 960 1416 versiculi
992 1382 1056 1430 qui
1076 1382 1171 1416 vitis
1189 1379 1269 1417 istis

114 1437 269 1472 raemitti
301 1437 340 1471 in
371 1433 483 1471 MSS.
515 1432 640 1470 solent
659 1460 668 1468 .
713 1431 773 1470 Ac
807 1446 876 1470 nec
909 1431 1127 1470 AEmilium
1152 1457 1165 1478 ‚
1199 1447 1269 1471 nec

128 1487 347 1526 heodofiani
365 1491 435 1525 aevi
453 1500 682 1538 quemquam
701 1511 714 1532 ‚
744 1500 873 1523 eorum
894 1485 967 1524 effe
998 1486 1183 1523 librorum
1200 1501 1270 1523 au-

89 1541 248 1587 ἃοῐειῃ,
265 1541 414 1580 abunde
428 1544 555 1593 arguit
573 1554 664 1591 pura
683 1541 718 1576 &
737 1539 921 1577 Romana
940 1539 1060 1578 diffio
1079 1567 1086 1575 .
1119 1541 1270 1590 Opine-

88 1608 150 1633 tur
166 1595 310 1646 aliquis
325 1619 340 1641 ,
357 1607 398 1633 ut
419 1594 569 1647 Trogus
584 1594 631 1631 ab
647 1592 794 1644 Justino
819 1617 831 1638 ,
850 1596 901 1630 ita
920 1593 968 1630 ab
988 1592 1180 1639 AEmilio‚
1201 1597 1268 1645 qui

90 1648 157 1686 sub
177 1648 388 1686 Theodosio
419 1651 520 1686 vixit
537 1672 550 1695 ,
595 1650 635 1684 in
666 1647 936 1697 compendium
969 1646 1042 1684 else
1073 1646 1268 1684 reda&um

88 1702 284 1752 Nepotem
307 1729 315 1738 .
348 1703 418 1739 Sed
434 1703 539 1740 aliud
559 1701 690 1739 suadet
707 1703 833 1752 operis
849 1704 1093 1738 concinnitas
1111 1725 1124 1746 ,
1143 1701 1178 1737 &
1195 1702 1268 1737 illa

89 1755 271 1807 praefandi
291 1759 388 1793 ratio
418 1769 496 1807 quae
511 1755 563 1794 est
579 1758 619 1792 in
637 1754 914 1807 Epaminondae
933 1756 1013 1792 vita
1040 1778 1052 1800 ‚
1080 1768 1124 1792 ac
1141 1757 1180 1791 in
1200 1753 1273 1791 Pe-

90 1810 221 1860 lopida
254 1812 432 1860 inprimis
455 1833 469 1855 ‚
496 1809 563 1847 ubi
592 1809 826 1847 brevitatem
856 1806 994 1859 justam
1026 1808 1266 1858 pollicetur.

91 1863 280 1900 Attamen
297 1862 487 1901 sententia
505 1864 580 1900 haec
596 1886 609 1908 ,
638 1863 730 1900 licet
748 1875 902 1900 erronea
921 1885 934 1908 ,
951 1863 1080 1899 minus
1105 1862 1271 1912 periculi

90 1916 229 1954 habeat
246 1941 260 1963 ,
288 1917 499 1954 dummodo
516 1927 621 1954 extra
638 1915 934 1953 controversiam
965 1927 1121 1953 maneat
1140 1939 1152 1960 ‚
1186 1913 1270 1952 AE-

87 1971 243 2008 milium
264 1973 393 2008 omnia
410 1971 456 2008 de
473 1969 676 2021 purissimis
708 1971 861 2018 Nepotis
889 1967 1063 2007 fontibus
1081 1967 1236 2006 hausisse
1260 1995 1268 2004 .

90 2025 189 2062 sane
207 2023 386 2062 Tulliani
408 2023 481 2063 esse
496 2026 565 2062 aevi
583 2022 803 2073 scriptorem
823 2047 836 2069 ,
866 2037 988 2074 neque
1003 2022 1127 2073 alium
1148 2035 1263 2073 quam

91 2076 286 2130 Nepotem
303 2102 317 2126 ι,
346 2091 430 2118 tum
448 2090 618 2118 veterum
636 2077 789 2129 aliquot
813 2076 1002 2117 librorum
1018 2076 1168 2116 indicio
1199 2083 1264 2113 'co-

841 2130 864 2170 b
1119 2143 1215 2181 gno-
