1714 2719
481 170 548 196 102
640 156 1007 196 CORNELII
1063 158 1374 200 NEPOTIS

421 235 642 274 Gracchum
662 239 797 273 iterum
814 236 1005 274 consulem
1026 240 1061 273 in
1082 237 1247 275 Lucanis
1264 238 1394 276 absens
1420 241 1457 276 in
1487 243 1573 282 infi-

423 292 504 327 dias
535 289 732 326 induitum
761 289 909 326 sustulit
927 316 934 325 .
979 290 1038 326 M.
1070 290 1278 328 Claudium
1310 292 1540 333 Marcellum
1557 321 1571 342 ‚

422 345 626 393 quinquies
642 341 833 380 consulem
852 367 865 389 ,
892 344 991 392 apud
1008 342 1210 380 Venusiam
1229 347 1309 393 pari
1325 345 1439 382 modo
1456 348 1572 385 inter-

420 395 511 434 fecit
529 423 538 431 .
558 394 733 446 Longum
751 395 800 433 est
818 410 1037 433 enumerare
1052 398 1181 446 proelia
1200 424 1208 431 .
1227 400 1354 457 Qare
1372 397 1440 435 hoc
1456 413 1572 436 unum

421 449 512 487 satis
529 452 600 486 erit
618 448 759 486 dic‘him
781 474 792 491 ,
821 462 864 484 er<
884 463 958 498 quo
976 450 1143 501 intelligi
1162 451 1266 499 posiit
1286 474 1299 495 ,
1325 453 1574 500 quantusille

419 502 535 540 fuerit
553 528 561 536 .
593 503 788 553 Quamdiu
807 505 843 537 in
862 499 975 537 Italia
994 501 1068 538 fuit
1087 527 1099 546 ‚
1129 517 1240 539 nemo
1257 506 1346 539 ei'in
1372 507 1452 540 acie
1469 504 1574 542 resti—

420 560 500 600 tit,
529 568 642 591 nemo
657 554 833 591 adversus
851 568 935 590 eum
966 553 1045 604 post
1073 554 1313 592 Cannensem
1338 569 1503 607 pugnam
1533 561 1572 594 in

418 621 552 657 campo
568 607 683 645 castra
699 607 823 656 posuit
840 633 847 641 .

474 660 544 697 VI.
576 659 657 697 Hic
673 659 838 696 invifihxs
856 662 1018 708 patriam
1037 658 1229 697 defensum
1248 675 1445 700 revocatus
1462 687 1475 708 5
1491 663 1573 701 bel·

419 715 498 750 lum
515 713 619 764 gestit
635 711 813 749 adversus
832 710 870 747 Ρ.
890 712 1077 761 Scipionis
1094 710 1216 749 filium
1231 738 1242 757 ‚
1272 727 1382 763 quem
1401 715 1478 764 ipse
1493 720 1573 765 pri-

417 780 522 804 mum
551 765 652 815 apud
684 763 921 802 Rhodanum
944 788 956 809 ‚
984 768 1119 800 iterum
1136 768 1234 815 apud
1253 765 1396 803 Padum
1415 791 1427 812 ,
1456 772 1572 806 tertio

418 819 518 870 apud
537 817 715 854 Trebiam
732 817 929 868 fugaverat
946 844 954 852 .
985 817 1084 854 Cum
1102 817 1171 854 hoc
1200 818 1387 856 exhaustis
1402 822 1477 870 jam
1503 834 1573 870 pa-

420 875 500 909 triae
517 871 768 908 facultatibus
784 873 931 920 cupivit
958 869 1278 919 inpraesentiarum
1311 872 1452 909 bellum
1469 888 1573 910 com-

417 938 558 975 ponere
575 948 587 969 ,
618 938 692 974 quo
723 923 916 960 valentior
931 922 1055 972 postea
1073 925 1387 974 congrederetur.
1417 925 1461 962 In
1492 927 1572 963 col-

418 980 591 1028 loquium
607 979 787 1014 convenit
807 992 813 1012 :
833 977 1072 1013 conditiones
1089 990 1163 1013 non
1181 991 1439 1015 convenerunt
1455 1006 1464 1014 .
1484 978 1569 1016 Post

417 1033 455 1068 id
472 1029 614 1067 faS'tum
633 1033 761 1079 paucis
777 1030 908 1065 diebus
925 1029 1024 1078 apud
1041 1029 1201 1065 Zamam
1220 1045 1304 1066 cum
1320 1032 1449 1068 eodem
1481 1047 1571 1069 con-

417 1084 520 1121 flixit
537 1109 544 1117 .
564 1081 725 1132 pulsus(
746 1082 968 1118 incredibile
998 1080 1099 1118 di&u
1115 1082 1131 1130 )
1148 1082 1262 1118 biduo
1278 1085 1313 1119 ὃ(
1342 1085 1485 1120 duabus
1503 1099 1571 1122 no-

415 1135 537 1174 &ibus
554 1134 808 1172 Adrumetum
826 1137 1000 1184 pervenit
1018 1149 1025 1170 :
1051 1135 1150 1183 quod
1168 1134 1269 1171 abest
1286 1149 1305 1171 a
1323 1136 1443 1173 Zama
1460 1139 1572 1174 circi-

417 1202 475 1227 ter
491 1188 616 1225 millia
635 1186 803 1237 passuum
820 1199 985 1224 trecenta
1006 1214 1014 1222 .
1045 1186 1088 1222 In
1107 1187 1175 1224 hac
1191 1186 1276 1238 fuga
1295 1187 1488 1235 Numidae‚
1505 1193 1570 1240 qui

417 1241 525 1280 fimul
544 1254 627 1278 cum
644 1255 688 1277 eo
704 1254 748 1277 ex
766 1242 846 1277 acie
862 1239 1108 1284 excesserant,
1125 1241 1289 1277 infidiati
1306 1241 1390 1278 sunt
1408 1246 1442 1279 ei
1456 1257 1462 1279 :
1476 1256 1570 1293 quos

415 1309 492 1332 non
512 1293 633 1331 solum
662 1294 794 1344 effugit
812 1317 824 1339 ,
854 1291 913 1329 sed.
931 1295 1047 1329 etiam
1079 1292 1177 1342 ipsos
1210 1294 1385 1345 oppreffit
1401 1322 1410 1330 .
1441 1294 1570 1333 Adru-

415 1350 508 1385 meti
526 1348 691 1397 reliquos
712 1360 756 1383 ex
773 1345 861 1397 fuga
880 1346 1039 1397 collegit
1057 1373 1065 1381 .
1085 1349 1197 1384 novis
1212 1347 1421 1385 deleE'tibus
1436 1352 1567 1397 paucis

412 1400 546 1438 diebus
561 1400 705 1436 multos
721 1400 912 1436 contraxit
927 1425 936 1433 .

469 1451 557 1489 VII.
586 1451 687 1489 Cum
719 1454 757 1488 in
786 1452 1004 1502 apparando
1019 1455 1201 1489 acerrime
1217 1451 1307 1490 esset
1332 1466 1536 1504 occupatus
1553 1479 1566 1500 ,

413 1504 751 1556 Carthaginienses
769 1504 912 1542 bellum
928 1519 1011 1542 cum
1032 1505 1225 1543 Romanis
1250 1506 1538 1556 composuerunt
1556 1535 1564 1544 .

412 1559 488 1597 Ille
505 1559 629 1596 nihilo
660 1558 774 1596 secius
805 1560 990 1595 exercitui
1006 1557 1131 1608 postea
1163 1558 1310 1608 praefuit
1327 1583 1340 1606 ,
1370 1559 1499 1611 resque
1527 1563 1566 1597 in

413 1612 550 1650 Africa
567 1611 672 1663 geffit
689 1639 697 1647 .
726 1610 900 1661 Itemque
915 1610 1036 1662 Mago
1053 1610 1167 1649 frater
1192 1614 1269 1662 ejus
1286 1637 1298 1657 ‚
1328 1612 1443 1663 usqne
1457 1614 1501 1650 ad
1520 1613 1562 1655 P.

413 1666 624 1716 Sulpicium
643 1689 655 1710 ,
685 1664 731 1701 C.
750 1663 953 1701 Aurelium
973 1688 986 1708 ,
1005 1664 1176 1701 consules
1192 1692 1200 1699 .
1232 1663 1309 1702 His
1325 1669 1425 1702 enim
1442 1670 1567 1719 magi-

411 1717 590 1756 stratibus
606 1717 724 1768 legati
740 1716 1074 1768 Carthaginienses
1092 1717 1262 1756 Romam
1281 1732 1481 1766 venerunt,
1499 1722 1564 1771 qui

411 1771 559 1809 senatui
591 1771 809 1820 populoque
839 1768 1022 1807 Romano
1052 1774 1194 1821 gratias
1225 1784 1379 1823 agerent
1410 1797 1423 1818 ,
1462 1774 1563 1824 quod

411 1839 497 1863 cum
515 1824 572 1861 his
589 1836 720 1874 pacem
739 1822 909 1860 fecissent
927 1847 940 1868 ,
965 1823 1012 1860 ob
1029 1838 1186 1874 eamque
1203 1839 1278 1861 rem
1297 1839 1432 1862 corona
1452 1840 1562 1864 aurea

412 1891 475 1916 eos
492 1878 676 1914 donarent
694 1900 707 1922 ,
725 1875 908 1927 simulque
924 1888 1097 1926 peterent
1115 1890 1154 1914 ut
1172 1877 1312 1915 obfides
1329 1893 1456 1915 eorum
1474 1878 1562 1916 Fre-

409 1931 524 1982 gellis
539 1928 656 1967 effent
673 1954 685 1975 ,
701 1932 924 1979 captivique
940 1930 1184 1967 redderentur
1200 1955 1212 1966 .
1242 1928 1319 1968 His
1333 1945 1377 1968 ex
1395 1931 1562 1969 senatus-

408 1982 584 2021 consulto
601 1982 815 2032 responsum
845 1981 896 2019 est
913 2006 926 2028 ,
955 1996 1091 2020 munus
1120 1998 1247 2021 eorum
1277 1998 1426 2035 gratum
1456 1999 1561 2023 acce-

409 2049 596 2088 ptumque
612 2035 683 2075 else
701 2052 707 2074 :
726 2035 867 2075 obsides
883 2049 958 2087 quo
974 2036 1058 2075 loco
1075 2049 1250 2089 rogarent
1268 2062 1281 2086 ‚
1298 2037 1444 2077 futuros
1461 2053 1469 2075 ε
1499 2052 1562 2076 ca·

1434 2103 1512 2143 ΡΠ·
