1714 2719
528 182 574 208 22
683 165 1054 205 CORNELII
1108 165 1419 206 NEPOTIS

476 247 684 298 supplicem
704 245 783 283 Dei
800 247 945 283 videret
963 249 1001 282 in
1018 259 1079 282 ara
1099 244 1287 284 sedentem
1306 272 1318 293 ,
1348 252 1479 298 quaerit
1495 272 1508 294 ‚
1525 249 1627 289 caus—

477 301 520 338 sae
538 301 629 353 quid
646 301 688 336 sit
718 311 795 336 tam
815 302 1004 350 repentini
1021 299 1167 336 consilii
1185 327 1193 335 .
1224 301 1311 337 huic
1335 301 1404 338 ille
1420 325 1433 346 ,
1463 303 1554 352 quid
1581 317 1627 341 ex

478 355 603 392 literis
633 352 869 402 comperisset
887 376 900 398 ,
927 355 1051 403 aperit
1069 379 1077 386 .
1112 351 1239 389 Tanto
1268 356 1388 404 magis
1422 353 1628 394 Pausanias

476 407 718 459 perturbatus
735 420 838 443 orare
855 409 966 457 coepit
985 429 997 450 ,
1027 419 1073 442 ne
1089 407 1304 443 enuntiaret
1323 431 1335 451 ,
1365 421 1433 444 nec
1449 407 1502 454 se,
1518 411 1631 445 meri-

478 474 559 499 tuni
579 461 624 497 de
642 460 712 497 illo
728 462 873 510 optime
891 483 903 505 ,
929 459 1103 509 proderet
1122 474 1129 495 ε
1160 460 1256 509 quod
1276 460 1298 496 si
1318 474 1399 497 eam
1419 463 1569 497 veniam
1587 462 1633 498 si-

478 516 518 553 bi
534 511 691 551 dedisset
706 537 720 558 ,
749 512 941 562 tantisque
971 512 1204 561 implicitum
1236 513 1344 550 rebus
1374 513 1600 552 sublevaffet
1618 539 1633 560 ,

476 581 617 618 magno
633 568 667 603 ei
684 569 836 618 przrmio
853 567 1021 602 futurum
1041 590 1048 599 .

530 620 582 657 V.
614 618 692 656 His
710 620 816 656 rebus
837 618 981 668 Ephori
997 621 1163 668 cognitis
1180 643 1192 663 ,
1211 617 1326 656 satius
1343 631 1574 671 putaverunt
1593 624 1633 658 in

476 674 568 713 urbe
584 687 669 710 eum
701 671 968 721 comprehendi
987 698 994 705 .
1027 673 1116 726 Q10
1131 686 1215 708 cum
1231 673 1349 710 essent
1378 673 1537 723 proseeh
1556 698 1568 720 ,
1597 675 1635 711 &

476 726 683 766 Pausanias
702 726 855 776 placato
886 723 1074 776 Argilio(
1103 735 1145 761 ut
1173 725 1362 774 putabat)
1394 726 1637 765 Lacedaemo-

476 794 564 819 nem
581 790 832 817 reverteretur
849 802 861 823 ,
891 780 930 813 in
962 781 1098 816 itinere
1115 801 1128 822 ,
1158 791 1242 813 cum
1259 780 1335 828 jam
1354 781 1393 815 in
1413 793 1456 816 eo
1472 780 1562 817 effet
1592 792 1634 818 ut
1676 786 1680 827 ξ

478 833 860 884 comprehenderetur
876 855 889 877 ,
918 845 937 868 e
956 831 1064 869 vultu
1081 829 1272 880 cujusdam
1288 830 1451 881 Ephori,
1464 836 1529 882 qui
1546 847 1634 871 eum
1677 831 1679 841 ¹

477 889 684 925 admouere
703 885 878 935 cupiebat
897 908 910 929 ,
939 885 1091 924 insidias
1109 884 1174 920 fibi
1205 883 1284 920 fieri
1303 886 1499 922 intellexit
1517 914 1525 922 .
1556 886 1636 924 Ita-
1676 900 1678 918 ε

480 955 553 992 que
568 942 698 991 paucis
715 950 803 975 ante
832 939 1008 989 gradibus
1038 951 1151 989 quam
1189 934 1254 987 qui
1286 937 1564 988 sequebantur,
1595 943 1634 977 in

479 994 595 1030 aedem
626 992 814 1029 Minervae
831 1005 908 1041 quae
938 991 1179 1029 Chalcioecus
1209 1003 1367 1027 vocatur
1391 1015 1405 1037 ,
1433 990 1605 1044 confugit
1623 1020 1633 1029 .
1675 1011 1679 1042 l'

479 1045 588 1084 Hinc
604 1059 651 1082 ne
667 1048 770 1082 exire
799 1043 918 1094 posset
935 1069 948 1090 ,
979 1044 1106 1082 statim
1123 1043 1269 1093 Ephori
1286 1044 1420 1081 valvas
1437 1047 1516 1095 ejus
1545 1046 1632 1082 aedis

478 1099 746 1138 obstruxerunt
763 1121 776 1143 ,
806 1096 1022 1148 teetumque
1038 1097 1123 1135 sunt
1140 1096 1317 1133 demoliti
1334 1120 1347 1141 ,
1377 1111 1452 1148 quo
1474 1096 1634 1135 facilius
1674 1103 1678 1111 '

480 1153 547 1193 sub
565 1153 655 1189 divo
673 1154 846 1188 interiret
864 1176 872 1184 .
903 1150 1061 1188 Dicitur
1077 1165 1120 1188 eo
1136 1161 1306 1199 tempore
1321 1162 1484 1186 matrem
1499 1148 1639 1190 Pausa-
1675 1151 1678 1181 ὲ

479 1209 551 1245 niae
573 1203 733 1243 vixisse:
764 1217 921 1254 eamque
951 1206 1028 1255 jam
1044 1218 1183 1255 magno
1212 1215 1305 1239 natu
1324 1226 1337 1246 2
1366 1202 1562 1253 postquam
1592 1205 1638 1241 de

480 1259 621 1298 scelere
636 1257 710 1294 filii
727 1260 911 1308 comperit
929 1281 940 1302 ,
958 1260 997 1294 in
1014 1260 1147 1308 primis
1162 1255 1209 1292 ad
1227 1255 1350 1292 filium
1367 1255 1638 1303 claudendum,
1675 1295 1678 1300 ,

482 1313 651 1363 lapidem
668 1311 715 1348 ad
732 1313 932 1347 introitum
953 1312 1040 1348 aedis
1055 1310 1238 1347 attulisse.
1257 1310 1318 1346 Sic
1336 1308 1542 1347 Pausanias
1557 1324 1641 1348 ma-

482 1379 596 1418 gnam
614 1364 707 1401 belli
724 1364 886 1415 gloriam
916 1367 1018 1414 turpi
1035 1376 1158 1400 morte
1173 1363 1384 1400 maculavit
1400 1389 1408 1398 .
1440 1361 1521 1400 Hic
1552 1378 1638 1401 cum

483 1416 718 1456 semianimis
735 1418 780 1454 de
795 1417 941 1467 templo
959 1418 1082 1454 elatus
1099 1415 1188 1454 effer
1207 1440 1219 1461 ,
1247 1414 1446 1453 confestim
1463 1419 1635 1455 animam

481 1471 633 1510 efflavit
653 1498 661 1506 .
692 1469 811 1521 Cujus
827 1474 969 1507 mortui
986 1484 1120 1520 corpus
1136 1484 1219 1506 cum
1236 1469 1367 1507 eodem
1385 1469 1564 1506 nonnulli
1580 1472 1640 1507 di-

482 1537 611 1563 cerent
627 1523 761 1567 inferri
777 1536 966 1573 oportere,
984 1537 1058 1574 quo
1074 1524 1113 1560 hi
1131 1526 1196 1573 qui
1212 1523 1259 1559 ad
1276 1521 1503 1573 supplicium
1520 1522 1639 1561 essent
1674 1552 1678 1564 .

483 1579 566 1615 dati
584 1602 597 1623 ,
626 1576 822 1627 displicuit
841 1577 1012 1627 pluribus
1031 1592 1038 1614 :
1067 1578 1102 1613 S(
1119 1576 1249 1626 procul
1265 1576 1312 1613 ab
1329 1590 1372 1613 eo
1389 1575 1473 1614 loco
1490 1575 1640 1614 infode-

481 1644 570 1668 runt
588 1634 626 1668 in
644 1644 717 1681 quo
733 1642 813 1667 erat
829 1644 1000 1668 mortuus
1014 1658 1021 1665 .
1052 1629 1146 1667 Inde
1162 1628 1343 1680 posterius
1360 1628 1437 1666 Dei
1454 1627 1639 1680 Delphici

479 1683 659 1775 ἒείῖροιιῖο
676 1695 803 1722 erutus
821 1708 834 1731 ,
863 1696 977 1735 atque
993 1684 1124 1722 eodem
1143 1684 1227 1722 loco
1246 1682 1414 1735 sepultus
1432 1683 1498 1721 ubi
1515 1686 1638 1726 vitam

510 1751 632 1777 ruerat
648 1765 657 1774 .

1503 2107 1589 2148 CI-
