1714 2719
480 161 528 194 72
637 147 1011 187 CORNELII
1066 141 1379 191 N'EPOTrs

416 229 578 275 ‚terfeeffi
597 256 605 265 .
638 231 791 290 Qibus
808 231 916 269 rebus
944 231 1131 270 confectis
1150 258 1161 276 s
1192 233 1308 284 vulgo
1338 235 1386 272 ad
1415 229 1516 274 airma
1543 240 1594 276 li-

431 286 694 335 bertatemque
711 296 848 323 vocato
864 309 877 331 ,
905 300 980 322 non
997 285 1119 323 solum
1138 288 1203 337 qui
1221 288 1258 322 in
1278 286 1366 324 urbe
1381 302 1487 327 erant
1499 313 1512 335 ‚
1528 291 1591 329 sed

429 340 547 375 etiam
566 339 738 389 undique
754 352 799 376 ex
816 342 918 389 agris
934 352 1205 376 concurrerunt
1219 362 1230 384 ‚
1249 340 1454 388 pra-:sidium
1473 342 1594 381 Lace«-
1648 366 1650 370 ν

429 393 702 430 daemoniorum
733 405 777 429 ex
807 405 893 428 arce
922 393 1150 442 pepulerunt
1175 416 1188 437 ,
1218 396 1382 441 patriam
1403 396 1595 434 obfidione

429 444 643 482 liberarunt
662 460 669 482 ε
701 445 871 482 auE‘cores
886 444 1057 482 Cadmiae
1073 446 1297 495 occupandae
1328 451 1468 497 partim
1494 452 1595 487 occi-

429 498 568 536 derunt
582 524 596 544 ‚
627 501 767 548 partim
787 501 826 534 in
845 497 1019 535 exsilium
1039 501 1229 549 ejecerunt
1250 525 1259 533 .

424 588 427 592 ,
483 551 556 588 IV.
587 550 676 588 Hoc
692 563 771 588 tam
802 550 954 588 turbido
985 563 1156 601 tempore
1175 551 1191 601 (
1215 551 1306 589 slcut
1325 552 1432 603 supra
1465 554 1597 592 docui-

428 619 517 644 mus
534 606 548 654 )
564 604 856 655 Epaminondas
873 628 886 649 ⁷
912 605 1043 654 quoad
1073 619 1157 642 cum
1189 605 1336 643 civibus
1367 608 1595 645 dimicatum

433 659 486 697 est
499 683 511 705 ,
528 659 634 696 domi
651 661 802 708 quietus
820 655 893 693 suit
911 683 919 692 .
951 656 1088 707 Itaque
1104 659 1177 694 haec
1194 658 1474 698 liberandarum
1495 661 1598 699 The-

434 712 569 750 barum
587 712 737 762 propria
770 710 854 746 laus
884 708 933 746 est
965 709 1154 759 Pelopidae
1173 725 1181 746 τ
1212 722 1340 748 ceterae
1372 712 1450 750 fere
1467 728 1598 752 omnes

434 778 659 803 communes
688 777 773 801 cum
804 759 1074 812 Epaminonda
1093 790 1101 797 .
1131 763 1312 814 Namque,
1329 767 1366 802 in
1398 765 1598 805 Leufihica

435 832 564 871 pugna
577 842 590 864 ,
616 820 846 867 imperatore
863 815 1132 865 Epaminonda
1147 840 1159 862 ‚
1188 818 1248 854 hic
1264 816 1339 856 fuit
1354 819 1431 856 dux
1446 820 1600 858 dele&ae

431 885 591 916 manus,
609 885 688 922 quae
706 873 828 921 prima
846 869 1075 921 phalangem
1095 869 1297 919 prostravit
1316 871 1514 910 Laconum
1527 902 1535 909 .
1557 889 1602 912 o-

435 925 592 967 mnibus
609 935 785 975 praeterea
818 923 998 973 periculis
1027 924 1136 960 affuit
1156 938 1164 959 :
1194 924 1282 961 ficut
1314 925 1489 975 Spartam
1513 941 1599 965 cum

438 980 681 1030 oppugnavit
699 1001 711 1022 ,
739 978 903 1014 alterum
921 979 1046 1013 tenuit
1079 991 1193 1013 cornu
1213 993 1220 1014 :
1251 991 1400 1028 quoque
1424 980 1599 1017 Messena

435 1033 600 1071 celerius
617 1030 874 1068 restitueretur
890 1053 903 1075 ,
932 1029 1081 1080 legatus
1100 1033 1138 1066 iu
1155 1029 1284 1068 Persas
1301 1030 1352 1068 est
1382 1033 1572 1082 profeRus
1588 1061 1598 1069 .

437 1084 625 1135 Denique
654 1084 728 1120 haec
745 1082 820 1119 fuit
836 1083 958 1119 altera
990 1082 1146 1132 persona
1166 1082 1310 1124 Thebis
1335 1107 1349 1129 ‚
1379 1084 1442 1122 sed
1470 1098 1599 1123 tamen

436 1138 601 1177 secunda
619 1161 632 1183 ,
663 1140 715 1173 ita
734 1147 775 1173 ut
791 1139 964 1186 proxima
985 1135 1074 1172 esset
1100 1135 1376 1185 Epaminondae
1392 1164 1402 1172 .

495 1190 546 1228 V.
576 1189 833 1228 Confliffiatus
863 1201 991 1225 autem
1023 1188 1072 1224 est
1104 1203 1187 1226 cum
1220 1188 1376 1226 adversa
1406 1189 1559 1229 fortuna
1590 1219 1600 1228 .

441 1241 550 1283 Nam
566 1245 732 1280 &initio
749 1242 870 1290 (ficut
887 1240 1149 1290 ostendimus)
1181 1242 1284 1279 exsul
1311 1247 1434 1292 patria
1452 1248 1601 1282 caruit:

443 1300 482 1335 ὅ(
498 1311 583 1336 cum
603 1296 837 1334 Thessaliam
854 1298 891 1332 in
909 1294 1134 1345 potestatem
1164 1295 1433 1334 Thebanorum
1449 1310 1602 1349 cuperet

440 1351 612 1403 redigere
628 1374 642 1396 ,
672 1347 950 1401 legationisque
965 1350 1046 1399 jure
1071 1348 1163 1386 satis
1180 1349 1326 1397 teEluni
1351 1349 1387 1387 se
1401 1351 1605 1390 arbitrare-

442 1417 536 1451 tur,
564 1404 664 1455 quod
680 1404 778 1454 apud
796 1416 928 1440 omues
943 1414 1075 1452 gentes
1093 1401 1261 1440 samum
1278 1403 1350 1440 effe
1365 1404 1571 1443 consueffet
1589 1418 1603 1451 5

448 1473 472 1496 a
488 1470 654 1508 tyranno
670 1456 896 1494 Alexandro
914 1454 1062 1492 Pheraeo
1079 1455 1186 1492 simul
1203 1470 1290 1494 cum
1319 1455 1484 1495 Ismenia
1500 1473 1605 1496 com-

446 1510 669 1563 prehensus,
688 1514 726 1546 in
746 1510 898 1548 vincula
915 1509 1107 1560 conjeElus
1125 1508 1175 1546 est
1191 1533 1201 1544 .
1231 1507 1350 1548 Hunc
1365 1509 1606 1561 Epaminon-

447 1568 514 1602 das
532 1567 771 1614 recuperavit
787 1587 800 1609 ,
831 1563 934 1600 bello
951 1562 1175 1614 persequens
1192 1562 1460 1602 Alexandrum
1479 1592 1487 1601 .
1518 1565 1605 1603 Post

447 1619 488 1655 id
504 1617 646 1655 facium
664 1642 677 1663 ,
706 1631 914 1668 numquam
933 1620 963 1654 is
987 1619 1115 1653 animo
1144 1616 1288 1666 placari
1305 1620 1433 1668 potuit
1451 1621 1488 1655 in
1519 1633 1603 1656 eum

447 1686 468 1709 a
487 1686 562 1722 quo
580 1685 659 1708 erat
679 1671 846 1708 violatus
864 1698 872 1706 .
903 1669 1038 1720 Itaque
1055 1668 1231 1720 persuafit
1251 1669 1446 1708 Thebanis
1463 1683 1502 1708 ut
1519 1671 1605 1710 sub-

445 1725 540 1764 sidio
559 1723 757 1762 Theffaliae
782 1723 1108 1775 proficiscerentur
1127 1747 1140 1768 ‚
1171 1724 1428 1775 tyrannosque
1443 1727 1522 1775 ejus
1539 1739 1606 1763 ex-

448 1778 639 1829 pellerent
658 1805 665 1812 .
695 1777 815 1828 Cujus
847 1777 1040 1815 bellicum
1062 1780 1095 1813 ei
1114 1776 1255 1814 summa
1287 1777 1377 1815 effet
1393 1778 1481 1815 data
1499 1802 1513 1823 ‚
1541 1793 1608 1817 eo-

449 1843 523 1883 que
539 1845 622 1868 cum
639 1834 806 1868 exercitu
824 1829 1013 1880 profmstus
1031 1830 1120 1868 esset
1139 1854 1152 1876 ‚
1190 1845 1266 1868 non
1285 1831 1479 1868 dubitavit
1496 1831 1604 1870 simul

447 1899 492 1922 ac
508 1884 705 1935 conspexit
737 1883 877 1921 hostem
899 1908 912 1930 ‚
941 1885 1144 1935 confligere
1161 1911 1169 1919 .
1200 1882 1244 1921 In
1263 1899 1338 1936 quo
1354 1885 1490 1936 proelio
1507 1885 1603 1924 Ale-

448 1938 637 1975 xandrum
654 1950 696 1974 ut
725 1939 1002 1975 animadvertit
1033 1962 1045 1983 7
1075 1937 1247 1975 incensus
1282 1941 1334 1975 ira
1353 1962 1366 1983 ‚
1396 1952 1533 1990 equum
1562 1941 1601 1976 in

449 2006 536 2030 eum
553 1994 767 2028 concitavit
785 2016 798 2036 ,
827 1992 1035 2043 proculque
1051 1990 1232 2042 digressus
1261 2005 1281 2028 a
1299 1990 1374 2029 suis
1392 2016 1404 2038 ‚
1432 1990 1602 2041 con-icam

448 2046 613 2083 telorum
629 2043 822 2084 confossus
836 2045 975 2084 cecidit
993 2072 1001 2081 .
1035 2048 1166 2097 Atque
1182 2044 1252 2083 hoc
1269 2044 1427 2084 secunda
1445 2044 1602 2083 viaoria

1454 2111 1554 2137 accl-
