1714 2719
471 143 542 169 122
624 128 1000 169 CORNELII
1056 129 1374 170 NEPOTIS

412 208 484 247 test
519 207 592 246 esse
606 209 756 247 dulcius
791 211 838 246 iis
864 212 930 261 qui
954 210 1126 261 aliquam
1157 212 1411 261 cupiditatem
1441 212 1580 254 habent

413 267 562 301 notitiae
595 263 782 300 clarorum
801 248 1009 301 virorum-⁶
1027 264 1179 316 Attigit
1197 280 1346 316 quoque
1371 271 1545 316 poeticen
1565 284 1579 315 ς

411 317 620 361 credimus,
632 331 678 354 ne
695 318 774 367 ejus
791 331 925 368 expers
943 317 1032 355 esset
1051 318 1251 356 suavitatis
1270 347 1278 354 .
1299 319 1479 370 Namque
1497 336 1580 358 ver-

409 370 508 409 sibus
526 395 539 415 ,
570 373 636 421 qui
666 370 808 408 honore
824 393 838 417 ,
868 385 1066 422 rerumque
1095 371 1281 424 gestarum
1318 374 1578 423 amplitudine

406 435 554 461 ceteros
572 423 747 462 Romani
765 425 898 474 populi
918 424 1172 474 praestiterunt
1187 450 1201 472 ,
1232 425 1406 475 exposuit
1425 442 1432 463 :
1467 430 1519 470 ita
1538 439 1577 464 ut

408 476 476 515 sub
493 477 723 528 singulorum
759 478 991 528 imaginibus
1008 477 1108 516 faeta
1127 503 1140 524 ‚
1169 479 1486 531 magistratusque
1517 494 1578 517 eo-

405 545 489 568 rum
521 545 595 568 non
625 531 792 581 amplius
825 534 1020 582 quaternis
1052 533 1228 582 quinisve
1259 533 1423 570 versibus
1440 532 1576 571 descri-

403 584 523 635 pserit
540 612 548 619 .
568 586 669 635 quod
688 588 752 621 vix
771 585 1000 621 credendum
1018 584 1078 630 sit,
1091 596 1219 622 tantas
1237 600 1293 623 res
1310 598 1389 623 tam
1410 587 1574 624 brevitet

402 637 568 688 potuisse
584 638 796 674 declarari.
830 636 896 674 Est
911 640 1030 674 etiam
1047 652 1143 675 unus
1173 639 1270 676 liber
1299 653 1417 690 graece
1445 640 1579 679 confe-

403 690 486 728 &us
503 715 515 735 ‚
546 691 592 727 de
609 690 812 727 consulatu
827 689 1028 728 Ciceronis
1049 717 1058 725 .
1416 738 1419 739 ⁷

456 742 575 780 XIX.
607 742 809 781 Ha&enus
835 742 974 780 Attico
1005 748 1100 781 vivo
1129 744 1233 781 edita
1263 759 1282 781 a
1317 745 1428 782 nobis
1460 745 1546 783 sunt
1564 773 1573 782 .

399 796 517 835 Nunc
534 821 547 842 ,
577 801 762 848 quoniam
779 797 933 834 fortuna
951 810 1020 834 nos
1038 795 1256 848 superstites
1273 801 1308 835 ei
1325 799 1399 836 effe
1416 799 1543 836 voluit
1560 823 1575 846 ,

397 852 547 902 reliqua
565 850 833 903 persequemur
851 866 859 888 τ
878 852 914 887 ὅ(
927 873 940 895 ,
958 862 1144 900 quantum
1163 855 1399 901 potuerimus
1417 877 1429 898 ,
1448 866 1573 890 rerum

395 904 587 955 exemplis
619 904 778 943 leEtores
795 904 1016 942 docebimus
1034 927 1047 948 ‚
1077 905 1168 942 ficut
1200 904 1308 953 supra
1338 905 1574 957 fignificavi-

397 973 517 996 mus:
565 957 737 996 SUOS
778 956 1063 1009 CUIQUE
1109 958 1364 997 MORES
1422 958 1574 997 PLE-

393 1010 722 1071 RUMQUE
772 1009 1254 1050 CONCILIARE
1298 1012 1572 1050 FORTU-

391 1065 433 1104 N
451 1066 488 1103 A
506 1065 555 1102 M
572 1093 582 1101 .
614 1067 794 1115 Namque
814 1066 874 1102 hic
895 1076 1100 1101 contentus
1118 1066 1252 1101 ordine
1269 1066 1463 1115 equestri,
1494 1080 1570 1116 quo

392 1131 476 1156 erat
493 1130 632 1166 ortus,
663 1122 701 1155 in
718 1114 949 1155 affinitatem
983 1120 1159 1167 pervenit
1187 1115 1437 1167 Imperatoris
1468 1117 1568 1157 Divi

389 1172 486 1222 julii
503 1171 578 1209 filii
596 1196 610 1219 ‚
636 1186 721 1212 cum
738 1173 816 1222 jam
833 1184 924 1208 ante
939 1170 1253 1208 familiaritatem
1272 1172 1351 1222 ejus
1368 1171 1459 1209 effet
1475 1187 1568 1210 con·-

388 1225 539 1264 secutus
557 1227 665 1263 nulla
685 1226 764 1262 alia
793 1239 832 1262 re
849 1239 963 1276 quarn
995 1224 1190 1274 elegantia
1211 1228 1299 1262 vitae
1318 1249 1330 1270 ‚
1360 1239 1433 1276 qua
1465 1239 1567 1263 cete-

389 1293 453 1319 ros
470 1293 623 1329 ceperat
642 1281 835 1332 principes
853 1281 1029 1317 civitatis
1046 1301 1060 1323 >
1086 1278 1278 1328 dignitate
1296 1283 1409 1328 pari,
1440 1277 1566 1317 fortu-

387 1347 438 1371 na
472 1333 680 1371 humiliore
697 1361 706 1369 .
749 1332 876 1370 Tanta
907 1335 1011 1369 enim
1044 1331 1275 1382 prosperitas
1292 1331 1480 1369 Caesarem
1511 1332 1564 1370 est

387 1385 591 1424 consecuta
611 1411 625 1433 3
638 1419 640 1422 ,
654 1399 696 1424 ut
714 1386 813 1423 nihil
831 1390 865 1423 ei
885 1400 962 1423 non
980 1384 1160 1422 tribuerit
1186 1384 1342 1423 fortuna
1365 1387 1465 1437 quod
1481 1390 1565 1424 cui-

388 1454 503 1493 quam
526 1453 617 1477 ante
634 1440 818 1477 detulerit
837 1463 850 1485 ,
879 1441 915 1477 &
933 1439 1155 1476 conciliarit
1172 1439 1274 1489 quod
1292 1442 1390 1478 civis
1409 1440 1563 1478 Roma-

389 1508 462 1532 nus
479 1496 607 1545 quivit
625 1493 805 1545 consequi
826 1521 835 1529 .
866 1492 972 1531 Nata
991 1491 1043 1529 est
1059 1504 1188 1529 autem
1206 1491 1345 1530 Attico
1369 1498 1497 1544 neptis
1513 1510 1560 1535 ex

386 1546 563 1599 Agrippa
582 1571 594 1593 ‚
612 1551 674 1585 cui
693 1550 883 1598 virginem
899 1546 1021 1584 filiam
1038 1546 1250 1584 collocarat
1267 1573 1276 1581 .
1302 1545 1418 1586 Hanc
1436 1547 1560 1588 Caesar

386 1604 455 1639 vix
472 1602 692 1639 anniculam
711 1625 724 1646 ‚
757 1600 916 1638 Tiberio
931 1599 1101 1637 Claudio
1118 1599 1269 1637 Neroni
1301 1599 1472 1639 Drusilla
1490 1618 1561 1641 na-

389 1667 432 1693 to
449 1679 462 1700 ,
493 1657 676 1706 privigno
694 1655 758 1693 suo
776 1674 790 1700 5
820 1653 1022 1705 despondit
1040 1685 1048 1693 .
1078 1656 1173 1715 Qae
1190 1655 1412 1705 conjunsho
1431 1656 1561 1695 neces-

387 1709 592 1747 situdinem
611 1723 741 1747 eorum
768 1708 896 1746 sanxit
913 1731 927 1754 2
957 1706 1267 1745 familiaritatem
1287 1709 1453 1746 reddidit
1484 1710 1560 1749 fre-

384 1765 627 1814 quentiorem
644 1791 652 1799 .

441 1815 539 1854 XX.
571 1819 764 1879 Qamvis
780 1828 872 1853 ante
886 1815 963 1854 haec
981 1813 1171 1865 sponsalia
1190 1839 1203 1861 ι,
1232 1830 1308 1853 non
1326 1815 1448 1854 solum
1467 1832 1552 1856 cum

386 1870 433 1908 ab
450 1870 540 1908 urbe
554 1870 697 1908 abesset
715 1894 727 1915 ‚
757 1884 965 1921 numquam
982 1870 1030 1906 ad
1048 1868 1197 1906 suorum
1215 1884 1445 1921 quemquam
1464 1872 1553 1910 lite-

384 1938 444 1961 ras
460 1925 563 1961 misit
579 1927 673 1974 quin
692 1922 830 1962 Attico
845 1926 1018 1961 mitteret
1036 1947 1048 1969 ,
1066 1923 1158 1974 quid
1184 1936 1311 1975 ageret
1331 1937 1342 1968 3
1375 1927 1550 1974 inprimis

383 1978 477 2029 quid
507 1977 650 2029 legeret
671 1991 683 2022 3
714 1976 924 2029 quibusque
964 1980 1003 2015 in
1034 1977 1129 2014 locis
1147 2001 1160 2022 ,
1190 1978 1225 2013 ὃ(
1244 1978 1426 2028 quamdiu
1457 1978 1547 2016 esset

383 2043 600 2070 moraturus
618 2046 626 2070 :
656 2031 719 2070 sed
737 2032 773 2069 &
788 2045 873 2072 cum
890 2030 981 2070 effet
999 2033 1039 2068 in
1056 2030 1148 2070 urbe
1166 2054 1180 2077 ,
1197 2032 1233 2068 ὅ(
1249 2054 1263 2078 ‚
1292 2042 1448 2084 propter
1464 2031 1546 2070 suas

1404 2084 1493 2122 infi-
