1714 2719
416 105 1023 147 FRAGMENTA.
1180 118 1246 155 137

143 190 222 229 ales
241 192 339 227 inter
383 192 498 228 rimas
515 199 718 239 expetatur
733 212 747 235 ,
764 189 877 226 illam
908 203 1021 227 nemo
1039 189 1135 228 velit
1150 188 1306 241 attigis-

140 244 178 282 se
194 271 203 280 .
234 242 330 281 Idem
361 241 405 279 ib.
426 251 553 292 x.cap.
574 255 715 279 xxxix.

192 298 430 349 Magnitudo
446 296 518 334 loeo
532 294 678 342 arbori,
708 310 786 347 quae
816 310 936 347 pyro:
968 311 1198 348 quamquam
1220 294 1303 334 Ne-

139 365 208 402 pos
238 350 444 388 Cornelius
463 350 614 387 brevem
651 351 777 390 tradat
796 377 804 386 .
825 372 861 379 —-
879 349 1023 387 Vinum
1056 365 1205 402 quoquc
1235 363 1301 388 ex-

139 407 321 457 primitur
338 404 397 441 illi
431 403 552 441 simile
581 403 704 442 mulso
722 429 735 450 ‚
767 406 866 457 quod
883 404 981 442 ultra
999 406 1116 442 denos
1136 405 1217 442 dics
1235 418 1302 440 nc-

137 472 203 511 gat
219 459 353 496 durare
369 458 467 495 idem
485 456 617 509 Nepos
637 474 644 496 :
676 459 882 511 baccasque
897 457 1073 497 contusas
1097 472 1182 495 cum
1198 457 1298 495 alica

137 513 185 550 ad
202 511 307 550 cibos
324 511 439 549 doliis
456 513 597 549 condi.
629 512 708 550 Lib.
728 527 748 550 x
761 527 773 550 1
787 527 800 550 1
813 527 842 550 ι.
860 522 934 562 cap.
952 525 1069 548 xvxi.

191 565 376 603 Scandula
395 565 609 604 conteehm
628 565 737 606 fuisse
758 566 945 610 Romam,
963 566 1009 604 ad
1028 564 1163 614 Pyrrhi
1184 563 1300 616 usque

135 617 281 657 bellum
310 623 423 658 annis
455 621 746 672 quadringentis
777 620 911 660 LXX.
929 620 1134 660 Cornelius
1166 617 1299 668 Nepos

135 672 266 710 :uetur
282 672 333 710 est
350 699 359 709 .
390 672 470 710 Lib.
491 688 580 711 xvx.
598 686 673 725 cap.
692 689 729 712 x.

188 725 395 765 Cornelius
426 726 488 765 Ne
519 743 559 765 os
589 730 706 766 tradit
724 742 814 768 ante
842 731 954 767 Snllae
985 727 1190 767 viam-iam
1223 726 1301 762 duo

136 792 286 818 tantum
304 781 472 819 triclinia
491 743 629 820 Romae
645 781 754 821 suiffe
782 798 962 836 argentea
981 811 989 818 .
1021 780 1102 818 Lib.
1122 793 1222 817 xxxx
1235 792 1248 816 ι
1261 778 1311 814 ι.’

135 843 210 882 cap.
230 847 292 870 xx.

190 886 339 925 Primus
359 890 508 925 invenit
526 887 640 925 lineas
655 891 826 928 colorare
843 915 855 936 ‚
873 889 983 935 testa,
1001 901 1041 926 ut
1062 886 1208 931 ferunt,
1226 888 1298 922 ΠῙ·

135 952 173 978 ta
193 964 206 986 ‚
223 940 490 990 Cleophantus
506 941 733 981 Corinthius
754 972 760 978 .
794 946 893 981 hunc
909 968 922 989 ,
939 955 1003 980 aut
1023 942 1154 979 eodem
1174 941 1300 975 nomi-

139 1008 186 1031 ne
202 995 321 1030 alium
342 993 450 1032 sui-'se
463 1019 475 1040 ‚
494 1010 604 1046 quem
624 998 739 1034 tradit
755 996 963 1035 Cornelius
980 994 1111 1047 Nepos
1130 992 1299 1030 secutum

137 1050 173 1084 in
193 1046 348 1084 Italiam
368 1047 851 1102 DemaratumT-arquinii
871 1049 987 1087 Prisci
1008 1048 1182 1087 Romani
1201 1048 1300 1096 regis

135 1114 303 1152 patrem,
320 1100 533 1153 fugientem
550 1117 570 1141 a
588 1103 779 1143 Corintho
797 1107 956 1156 injurias
971 1101 1149 1153 Cypselli
1167 1112 1301 1148 tyran-

134 1157 175 1190 ni
193 1178 206 1199 ,
231 1168 318 1192 mox
337 1156 557 1194 docebimus
574 1184 582 1192 .
618 1158 686 1194 &a
718 1158 799 1195 Lib.
821 1171 939 1195 xxxv.
955 1167 1030 1205 cap.
1056 1169 1068 1192 1
1081 1168 1136 1191 11-

187 1206 359 1244 Primum
378 1207 516 1246 Romae
546 1213 712 1259 parietes
728 1211 848 1248 crusta
879 1211 1081 1248 marmoris
1113 1205 1300 1257 operuisse

135 1263 255 1298 totins
291 1261 425 1299 domus
457 1261 524 1299 suae
557 1265 595 1300 in
626 1262 748 1301 Caelio
778 1276 911 1301 monte
929 1262 1136 1301 Cornelius
1168 1259 1302 1309 Nepos

133 1315 294 1352 tradidit
326 1314 568 1353 Mamurram
586 1341 598 1363 ,
628 1315 795 1355 Formiis
812 1330 946 1355 natum
968 1342 982 1362 ,
1011 1318 1179 1368 equitem
1213 1312 1301 1350 Ro-

137 1380 292 1405 manum
310 1392 322 1413 ,
353 1369 569 1418 praefeEIum
603 1369 797 1408 fabrorum
813 1370 861 1408 C.
887 1370 1045 1408 Caesaris
1065 1372 1103 1406 in
1133 1366 1269 1405 Gallia
1288 1392 1298 1401 .

134 1443 171 1450 --
198 1443 235 1450 --
262 1421 420 1472 Adjecit
439 1424 540 1461 idem
558 1423 691 1475 Nepos
713 1449 726 1472 ,
753 1439 837 1463 eum
869 1428 1033 1475 primum
1052 1424 1145 1460 totis
1161 1420 1300 1458 aedibus

138 1476 286 1512 nullam
306 1476 372 1512 nisi
390 1491 410 1514 e
425 1491 613 1516 marmore
629 1480 848 1517 columnam
871 1478 1040 1516 habuisse
1057 1501 1070 1523 ‚
1092 1489 1223 1514 omnes
1242 1473 1301 1510 so-

136 1530 234 1566 lidas
250 1544 269 1566 e
285 1528 463 1579 Carystio
480 1556 493 1577 ,
521 1545 587 1570 aut
604 1531 769 1571 Lunensi
787 1561 795 1569 .
822 1532 904 1570 Lib.
921 1546 1066 1570 xxxv1.
1082 1539 1158 1578 ΜΡ·
1177 1541 1239 1565 V¹·

187 1583 374 1632 onychen
392 1588 602 1624 etiamnum
622 1590 659 1624 in
674 1587 824 1625 Arabiae
843 1587 1127 1632 montibus‚nec
1140 1581 1296 1632 usquam

134 1636 232 1674 alibi
250 1660 263 1682 ‚
295 1637 398 1676 nasci
415 1652 598 1689 putavere
614 1641 730 1679 nostri
749 1655 918 1679 veteres:
952 1641 1113 1678 Sudines
1131 1639 1169 1673 in
1198 1633 1300 1672 Ger-

135 1693 276 1728 mania:
295 1696 458 1742 potoriis
479 1697 645 1744 piimum
666 1695 759 1733 vasis
781 1696 868 1732 inde
885 1694 1014 1739 fagus,
1031 1694 1118 1730 dein
1139 1688 1298 1740 pedibus

135 1743 515 1798 le&orun1sellisque
531 1775 538 1782 .
573 1748 779 1787 Cornelius
795 1747 929 1799 Nepos
945 1748 1064 1786 tradit
1090 1743 1199 1783 fuilse
1218 1756 1300 1779 ma-

134 1813 210 1849 gno
226 1800 429 1846 miraculo,
447 1815 531 1838 cum
551 1801 788 1840 P.Lentulus
808 1804 959 1853 Spinter
974 1801 1175 1852 amphoras
1194 1810 1237 1834 ex
1255 1809 1298 1833 eo

132 1851 320 1890 Chiorum
338 1856 607 1906 magnitudine
622 1858 800 1894 cadorum
818 1855 1034 1893 ostendisset
1054 1871 1061 1891 :
1089 1851 1168 1904 post
1187 1853 1301 1902 quin-

134 1909 343 1957 quennium
361 1908 499 1946 deinde
525 1912 686 1961 triginta
705 1911 865 1948 duorum
885 1910 1019 1960 pedum
1054 1905 1299 1958 longitudine

133 1960 331 1998 columnas
350 1960 485 2000 vidisse
501 1962 536 2000 se
551 1990 560 1998 .
591 1963 672 2000 Lib.
693 1977 837 2001 xxxvx.
863 1973 938 2012 cap.
960 1976 1048 2000 v11.

188 2011 317 2052 AEdes
334 2014 479 2054 Martis
496 2015 546 2054 est
566 2019 605 2054 in
620 2017 736 2056 Circo
753 2017 952 2055 Flaminio
980 2013 1227 2104 πεὴὶιεξέἰτπ
1251 2009 1298 2048 ab

1193 2079 1250 2105 er-
