1714 2719
501 155 582 180 xxx
729 142 1343 183 TESTIMONIA.

443 230 529 280 ejus
547 228 586 262 in
603 233 765 260 matrem
785 224 1033 261 veneratione
1045 246 1057 268 ,
1076 222 1274 274 statuaque
1292 222 1518 266 Corneliae‚a
1535 225 1620 264 filio

448 282 568 335 posita
585 301 599 323 ‚
630 290 710 328 quae
726 288 875 314 tantam
892 276 1026 313 domus
1044 275 1111 313 suae
1135 277 1283 314 cladem
1313 276 1546 329 miserosque
1575 280 1623 317 fi-

452 338 593 373 liorum
610 330 715 368 casus
745 329 947 368 fortiffimo
969 341 1085 381 atque
1101 330 1248 368 invifi‘co
1268 333 1399 368 animo
1428 333 1522 368 tulit
1539 356 1552 377 ,
1581 345 1624 370 ut

448 401 582 441 praeter
599 384 847 422 Plutarchum
880 397 965 435 pag.
988 384 1073 431 843.
1092 383 1259 421 celebrat
1277 385 1416 422 Seneca
1432 384 1627 424 Consola-

448 446 557 482 tione
572 439 620 476 ad
640 438 832 475 Marciam
850 451 882 474 c.
902 434 1017 473 XVI.

499 493 592 533 VII.
618 491 721 528 Liber
735 490 776 527 de
793 493 889 530 Viris
906 488 1106 537 Illustribus
1123 492 1311 541 incipiens
1330 505 1349 528 a
1367 491 1484 529 Proca
1504 492 1619 545 Rege

445 550 692 588 Albanorum
719 569 732 591 ,
761 560 836 582 non
855 543 906 582 est
922 546 1075 593 Nepotis
1091 568 1103 590 ,
1133 558 1202 582 nec
1217 544 1339 582 Plinii
1357 546 1538 592 Secundi,
1556 561 1623 585 ne-

445 618 520 653 que
543 600 708 639 AEmilii
727 598 840 635 Probi
858 622 871 643 ‚
902 612 970 636 nec
999 599 1170 635 Suetonii
1188 621 1201 643 ,
1231 613 1354 649 neque
1371 598 1531 637 Asconii
1550 599 1624 638 Pe-

443 658 551 694 diani
572 679 584 702 ,
602 668 670 691 nec
689 651 818 689 Taciti
835 652 999 702 denique
1017 675 1030 696 ,
1048 651 1110 687 sed
1127 652 1272 687 Aurelii
1290 652 1472 698 Vit70ris3
1501 666 1543 690 ut
1560 656 1622 690 in-

447 708 504 748 fra
522 712 562 746 in
583 707 740 744 ViCtore
756 706 881 742 dicam
899 731 908 740 .
939 706 1078 754 Saepius
1095 716 1225 741 tamen
1245 704 1310 742 sub
1325 708 1480 753 Nepotis
1495 710 1623 744 uomi-

442 777 492 800 ne
510 761 562 799 est
579 762 720 804 editus,
737 760 771 795 &
789 757 1106 796 confidentiffime
1122 758 1275 807 quidem
1292 772 1311 794 a
1330 757 1505 807 Rapbab‘le
1521 759 1622 807 figli-

443 829 487 851 no
501 817 621 852 Iconio
644 812 780 863 Tiguri
799 810 917 848 Auno
939 814 1047 848 1600.
1068 811 1102 847 8.
1122 811 1192 848 hoc
1209 812 1350 848 titulo:
1367 810 1525 847 cornelii
1541 818 1621 849 Ne·

435 871 534 919 potis
548 867 589 905 de
606 869 705 905 Viris
735 863 932 911 illustribus
963 862 1046 900 liber
1063 886 1075 909 3
1104 862 1351 900 additamento
1379 879 1421 901 ex
1436 870 1522 902 MS.
1551 879 1622 902 au-

439 922 519 959 Htts
539 937 551 957 .·
579 919 726 956 antehac
744 914 906 954 AEmilio
923 917 1034 954 Probo
1049 941 1063 963 ,
1087 918 1161 967 post
1184 922 1354 954 suetonio
1372 918 1588 966 Tranquillo
1605 945 1622 966 ,

438 975 632 1021 dizttiffl‘me
646 979 686 1010 C.
708 971 830 1008 Plinio
845 969 989 1008 caecilio
1006 970 1163 1008 Secundo
1175 995 1187 1017 ,
1217 982 1322 1018 nuper
1338 979 1447 1009 Sexto
1463 972 1619 1009 Aurelio

439 1028 578 1069 Vift'ori
596 1051 608 1072 ,
637 1039 728 1063 nunc
745 1023 884 1061 liberali
899 1025 1020 1073 cauſjiz
1035 1023 1190 1061 Annon·
1205 1025 1355 1072 affl’rtus
1377 1053 1385 1060 .
1423 1024 1618 1077 Equidem

438 1081 638 1121 Vi&0rem
675 1095 695 1117 e
714 1082 864 1128 Nepotis
895 1093 1007 1130 opere
1037 1079 1082 1115 de
1100 1076 1207 1116 Viris
1237 1077 1457 1116 Illustribus
1492 1080 1617 1117 multa

439 1140 479 1174 in
498 1137 597 1174 hunc
618 1135 723 1172 suum
754 1132 933 1170 libellum
950 1130 1134 1170 derivasse
1151 1156 1164 1177 ,
1191 1131 1352 1169 libenter
1385 1135 1478 1171 viris
1493 1133 1616 1171 doffls

436 1189 647 1235 adsentiar,
682 1186 743 1224 sed
762 1201 893 1225 verum
908 1186 1100 1224 auclorem
1117 1199 1162 1223 ex
1179 1186 1470 1224 MSS-codicum
1489 1185 1562 1223 fide
1578 1188 1615 1223 &

437 1243 490 1281 A.
523 1243 674 1281 Schotti
702 1243 939 1292 argumentis
977 1238 1273 1278 existimandum
1311 1239 1384 1277 esse
1414 1239 1613 1278 νὶξὶοτειτι

438 1298 538 1334 haud
554 1296 691 1334 dubito
708 1322 715 1329 .
748 1294 823 1331 Sub
851 1295 1005 1342 Nepotis
1025 1296 1182 1331 nomine
1199 1294 1343 1344 prodiit
1373 1296 1492 1330 etiam
1513 1292 1615 1331 Ger-

437 1352 588 1388 manice
611 1348 866 1400 Argentorati
887 1359 954 1395 153
964 1359 994 1392 5.
1013 1346 1082 1384 fol.
1100 1360 1174 1383 una
1193 1361 1280 1384 curn
1299 1346 1479 1384 Sallustio
1495 1373 1504 1382 .

491 1401 604 1441 VIII.
623 1405 773 1440 Daretis
790 1401 948 1452 Phrygii
966 1401 1132 1448 Historia
1147 1400 1293 1437 Excidit·
1310 1401 1430 1444 Trojae
1446 1414 1524 1452 quae
1555 1400 1613 1437 Ia-

436 1460 520 1495 tine
536 1456 803 1494 circumfertur
824 1469 909 1493 cum
926 1454 1070 1493 Pseudo
1100 1454 1247 1503 Di&ye
1276 1454 1351 1491 five
1382 1460 1427 1490 L.
1445 1456 1612 1503 Septimii

434 1510 516 1564 (f)
535 1510 710 1548 Romani
727 1508 828 1545 libris
850 1512 912 1547 VI.
932 1506 1170 1557 premeridos
1183 1507 1264 1543 belli
1280 1509 1436 1554 Trqjam‘
1451 1510 1498 1557 (g
1514 1508 1528 1556 )
1545 1508 1610 1545 etsi

436 1563 630 1616 praefixam
647 1564 761 1602 habet
781 1562 847 1602 sub
863 1565 1016 1613 Nepotis
1033 1565 1190 1601 nomine
1204 1560 1394 1610 Epistolam
1408 1559 1612 1662 aasallu-

1485 1628 1560 1650 lum

431 1729 452 1779 (
470 1727 516 1780 f)
545 1727 629 1767 Alii
646 1727 822 1779 Qintum
837 1728 1048 1775 Septimium
1063 1734 1208 1770 vocant,
1225 1733 1269 1759 ut
1294 1721 1467 1761 Bartbius
1484 1725 1605 1761 LVII.

490 1796 526 1829 7.
544 1783 687 1819 LVIII.
711 1793 726 1816 1
738 1793 767 1815 1.
787 1779 920 1825 Voffius
934 1778 976 1816 de
992 1779 1090 1827 Ηιβ.
1111 1778 1179 1815 lat.
1191 1787 1228 1827 p.
1246 1790 1337 1824 742.
1353 1778 1397 1819 (ς’
1412 1776 1502 1814 Tho.
1516 1783 1609 1814 Bar-

488 1836 649 1873 tbolinus
663 1832 704 1869 de
718 1832 869 1880 legendis
884 1832 985 1869 libris
997 1843 1032 1880 p.
1038 1848 1059 1881 9
1068 1846 1099 1879 3.

433 1889 451 1940 (
468 1904 490 1943 g
505 1891 519 1939 )
548 1887 686 1928 Αιιὲἶον
701 1901 760 1923 eas
791 1886 959 1936 instripst't
975 1884 1180 1940 QAradio
1208 1884 1337 1933 Rtfino
1352 1886 1415 1932 qui
1421 1883 1489 1934 fi‘b
1517 1887 1605 1932 Imp.

486 1945 718 1992 constantino
733 1940 952 1990 consulatum
960 1940 1060 1987 geffi't
1078 1945 1173 1977 Ac.
1183 1952 1200 1986 3
1210 1942 1265 1976 16.
1278 1941 1404 1985 aitque
1419 1937 1556 1984 DiHyn
1569 1950 1608 1972 0-

481 2007 550 2046 pus
570 1997 678 2047 ficum
691 1993 911 2043 constripstffi’
923 1997 1075 2042 primum
1090 1993 1208 2029 literis
1238 1995 1390 2029 Punicis
1406 2016 1420 2039 ,
1449 1993 1609 2028 oratione

486 2058 612 2087 Graeca
629 2077 637 2085 .
656 2048 780 2095 Postea
794 2062 818 2083 a
833 2048 941 2096 neseio
956 2061 1023 2094 quo
1038 2047 1235 2091 Praxifive
1250 2045 1471 2097 Eupraxide
1486 2044 1606 2081 literis

486 2107 632 2143 Atticis
649 2102 900 2154 transtriptum
913 2100 1134 2150 oblatumque
1148 2100 1211 2149 effi·
1225 2102 1362 2140 Neroni
1389 2103 1477 2149 Imp.
1495 2108 1605 2147 atque

1522 2581 1714 2719 „i
