1714 2719
251 168 292 208 A
319 167 422 208 GE
451 170 474 207 S
503 167 584 206 IJL
615 168 718 207 AU
748 168 799 206 S.
883 168 1046 208 XVII.
1134 184 1180 218 73

74 253 217 302 accidit
235 279 244 287 .
277 265 365 290 nam
383 252 460 301 jam
479 251 674 290 inclinata:
690 261 798 287 erant
816 261 1067 298 tyrannorum
1094 255 1210 300 copia:
1227 277 1239 287 .

79 310 168 360 Quo
185 304 285 345 sa&
300 317 432 343 omnes
447 302 650 346 ,Theffaliae
662 305 846 340 civitates
864 302 1108 342 interl‘eElum
1128 304 1240 342 Pelo-

79 363 208 412 pidam
225 361 373 399 coronis
389 360 512 397 aureis
530 381 544 402 ‚
560 357 595 394 &
614 355 745 395 statuis
761 357 874 394 aeneis
892 380 905 402 ,
932 357 1145 408 liberosque
1160 360 1241 409 ejus

78 415 203 454 multo
219 426 311 465 agro
325 411 516 449 donarunt
536 438 546 447 .

224 495 1082 609 AGESILAUS.

568 678 613 716 X
631 678 666 716 V
684 677 699 715 1
716 677 747 715 1.

78 787 112 825 1.
241 784 512 826 GESILAUS
555 764 864 826 Lacedaenionius
893 809 909 832 ‚
938 801 1022 826 cum
1053 802 1073 825 a
1105 790 1242 827 ceteris

269 840 516 892 scriptoribus
535 866 547 887 ,
577 856 658 879 tum
675 844 817 879 eximie
845 854 864 878 a
885 839 1158 891 “Xenophonte
1174 843 1244 879 So·-

80 899 223 933 cratico
240 895 481 932 collaudatus
499 895 549 932 est
568 923 574 931 .
606 910 650 932 eo
682 899 786 932 enim
804 894 889 933 usus
907 893 958 932 est
988 895 1242 933 familiariffi-

79 962 142 985 :ne
158 976 166 984 .
198 947 278 984 Hic
307 952 470 998 primum
503 950 549 985 de
581 963 697 1000 regno
725 963 809 986 cum
842 947 1081 997 Leotychide
1110 949 1244 986 fratris

82 1001 164 1038 filio
181 1000 312 1037 habuit
329 1004 615 1039 contentionem
633 1029 640 1037 .
672 1002 766 1038 Mos
783 1001 833 1039 cst
851 1004 953 1038 enim
979 1016 999 1038 a
1031 1003 1241 1054 majoribus

83 1053 382 1091 Lacedaemoniis
400 1056 565 1092 traditus
583 1079 595 1101 ,
626 1067 667 1092 ut
685 1056 777 1093 duos
794 1053 977 1092 haberent
1009 1054 1153 1106 semper
1184 1068 1242 1093 re-

108 1121 144 1144 cs
161 1132 174 1154 ,
203 1111 358 1145 nomine
373 1111 494 1159 magis
511 1123 624 1159 quam
642 1111 803 1158 imperio
821 1133 834 1154 ,
851 1120 896 1144 ex
914 1107 1059 1146 duabus
1077 1109 1242 1146 faniiliis

82 1121 243 1206 ἓως-ΗΒ,
260 1163 295 1198 ὃ(
311 1161 578 1212 Eurysthenis,
595 1165 660 1214 qui
678 1164 868 1212 principes
883 1175 928 1198 ex
942 1161 1246 1213 progenie2Her-

83 1215 180 1252 culis
195 1215 333 1264 Sparta:
350 1230 454 1266 reges
484 1214 637 1254 fuerunt
655 1244 663 1251 .
697 1213 847 1254 Harum
865 1229 911 1252 ex
941 1216 1060 1253 altera
1081 1219 1118 1253 in
1145 1217 1248 1254 alte-

80 1271 159 1305 sius
176 1266 332 1305 familiae
349 1269 476 1306 locuni
508 1269 590 1306 fieri
607 1284 683 1307 non
717 1270 859 1308 licebat
877 1295 885 1303 ·
917 1271 1051 1319 itaque
1080 1282 1240 1321 uterque

82 1318 186 1358 suum
204 1322 391 1360 retinebat
409 1325 579 1360 ordinem
598 1351 606 1358 .
634 1322 803 1360 Primum
821 1325 920 1360 ratio
938 1323 1164 1370 habebatur,
1177 1326 1245 1374 qui

83 1378 274 1413 maximus
292 1389 382 1414 natu
399 1377 489 1415 esset
507 1390 550 1413 ex
570 1377 702 1414 liberis
719 1378 798 1427 ejus
816 1380 880 1427 qui
899 1391 1060 1428 regnans
1076 1376 1249 1414 decessis-

83 1428 139 1466 set
158 1456 166 1462 .
197 1427 247 1465 sin
266 1432 297 1466 is
316 1430 467 1468 virilem
485 1430 613 1468 sexum
630 1445 706 1468 non
724 1430 936 1481 reliquisset
955 1455 967 1476 ,
997 1443 1078 1468 tun]
1097 1432 1243 1482 delige-

87 1481 197 1520 batur
212 1486 276 1533 qui
294 1488 487 1534 proximus
503 1484 594 1522 esset
618 1487 930 1535 propinquitate.
961 1483 1143 1523 Mortuus
1161 1495 1245 1522 erat

88 1535 187 1587 Agis
206 1550 270 1573 rex
287 1560 301 1582 ,
330 1537 449 1576 frater
464 1538 632 1589 Agesilai
651 1566 660 1574 .
690 1537 837 1575 Filium
856 1538 1065 1589 reliquerat
1098 1537 1249 1588 Leoty-

88 1591 237 1627 chidem
255 1605 264 1627 :
295 1606 406 1642 quem
424 1593 493 1629 ille
510 1594 644 1630 vivens
662 1607 737 1630 non
754 1603 913 1644 agnorat
931 1607 938 1628 :
970 1593 1144 1629 eumdem
1162 1606 1247 1629 mo-

87 1646 189 1681 riens
207 1643 311 1681 suum
330 1645 404 1683 else
418 1648 567 1684 dixerat
584 1674 591 1681 .
621 1645 660 1684 Is
678 1648 724 1683 de
757 1646 899 1683 honore
915 1650 1021 1697 regni
1039 1660 1122 1684 curn
1139 1644 1248 1697 Age-

86 1696 179 1735 silao
208 1699 272 1735 suo
301 1712 438 1749 patruo
467 1701 664 1738 contendit
679 1727 688 1736 .
730 1713 853 1751 neque
882 1700 920 1737 id
939 1700 1039 1750 quod
1070 1702 1212 1751 petivit
1231 1723 1248 1747 3

86 1751 309 1790 consecutus
325 1753 375 1790 est
395 1782 402 1789 .

141 1803 190 1842 11.
221 1806 324 1843 Nam
344 1805 542 1856 Lysandro
559 1807 786 1859 suffragante
802 1830 815 1854 ,
843 1807 1033 1857 homine(
1050 1819 1091 1845 ut
1122 1807 1249 1845 osten-

87 1859 212 1896 dimus
229 1859 334 1910 snpra
365 1862 380 1909 )
411 1861 570 1899 fafstioso
587 1885 599 1908 ,
629 1863 664 1898 δε
689 1863 746 1899 his
778 1861 1016 1913 temporibus
1051 1873 1211 1912 potente
1229 1885 1246 1907 ‚

88 1911 287 1962 Agelilaus
303 1916 495 1953 antelatus
513 1914 564 1953 est
581 1943 589 1951 .
618 1913 698 1954 Hic
716 1915 825 1953 sunul
843 1928 958 1966 atque
975 1918 1126 1965 imperii
1143 1917 1247 1965 poti-

89 1977 150 2002 tus
167 1965 216 2003 est
234 1991 247 2012 ,
277 1968 451 2018 persuasit
471 1968 772 2013 Lacedaemoniis
788 1981 828 2006 ut
854 1972 1062 2007 exercitum
1092 1971 1246 2006 emitte-

86 2031 171 2056 rent
193 2024 229 2057 in
248 2020 378 2059 Asiam
397 2046 411 2069 ‚
442 2023 666 2074 bellumque
681 2025 760 2073 regi
776 2022 945 2061 facerent
965 2039 972 2059 :
990 2022 1128 2060 docens
1146 2047 1158 2067 ,
1190 2021 1249 2057 sa-

88 2077 163 2113 tius
194 2074 265 2114 esse
296 2079 333 2114 in
350 2075 440 2116 Asia
474 2091 588 2131 quam
622 2079 662 2123 in
692 2075 844 2130 Europa
875 2078 1057 2119 dimicare
1073 2104 1083 2112 .
1122 2074 1250 2114 Nam-

1126 2143 1196 2181 que
