1714 2719
515 188 560 219 14
666 174 1035 216 CORNELII
1090 176 1402 218 NEPOTIS

455 255 606 294 aienses
622 260 722 296 enim
740 259 882 297 duabus
899 257 1071 297 vieloriis
1084 282 1096 305 ‚
1126 259 1377 297 Marathonia
1394 259 1430 297 &
1446 259 1609 300 Salami-

455 312 519 347 nia
537 333 551 355 ,
580 321 727 348 tantam
747 313 909 364 gloriam
925 313 1024 363 apud
1041 326 1172 350 omnes
1201 325 1332 363 gentes
1356 325 1465 350 erant
1480 316 1609 354 conse-

453 363 534 401 cuti
551 386 564 408 ‚
593 376 635 401 ut
653 366 914 417 intelligerent
940 365 1218 403 Lacedaemonii
1235 367 1280 403 de
1296 368 1512 416 principatu
1541 369 1606 406 fibi

453 431 539 454 cum
557 415 615 454 his
647 431 836 456 certamen
855 418 934 456 fore
950 446 958 454 .
990 432 1103 469 quare
1120 433 1182 457 eos
1199 433 1312 469 quam
1336 418 1606 460 infirmiffimos

451 469 526 507 else
544 471 725 508 volebant
742 499 751 507 .
782 471 982 523 Postquam
1011 484 1139 510 autem
1164 473 1364 509 audierunt
1393 487 1519 511 muros
1549 477 1609 511 in-

451 521 541 560 strui
560 546 572 567 ,
590 523 737 573 legatos
753 524 928 562 Athenas
944 524 1126 563 miserunt
1140 549 1152 572 ‚
1169 529 1234 576 qui
1252 527 1289 562 id
1306 525 1387 562 fieri
1404 538 1578 565 vetarent
1595 554 1605 564 .

451 573 530 613 His
546 576 788 625 praesentibns
808 578 993 617 desierunt
1005 603 1019 624 ‚
1034 593 1078 616 ac
1094 578 1129 616 se
1145 580 1190 616 de
1207 593 1248 616 ea
1266 579 1464 630 relegatos
1480 581 1526 617 ad
1543 594 1606 618 eos

449 629 624 667 missuros
644 630 822 669 dixerunt
840 659 847 667 .
879 630 994 670 Hanc
1010 632 1240 683 legationem
1272 631 1430 682 suscepit
1449 632 1608 670 Themi-

449 681 584 720 stocles
602 706 615 727 ,
644 685 678 719 &
701 683 798 722 solus
816 687 940 734 primo
955 683 1144 735 profeS’tuS
1161 684 1210 723 est
1229 700 1236 722 ε
1267 685 1404 736 reliqui
1422 685 1540 738 legati
1564 699 1605 724 ut

448 747 531 772 turn
549 738 697 775 exirent
710 761 723 783 ,
752 751 835 775 cum
854 735 944 774 satis
961 738 1128 775 altitudo
1144 739 1242 774 muri
1258 737 1440 775 exstru8a
1458 740 1607 777 videre·

448 800 510 825 tur
527 813 539 834 ,
569 793 742 840 praecepit
760 804 768 827 :
799 793 953 828 interim
977 804 1108 828 omnes
1126 789 1352 841 serviatque
1369 792 1480 829 liberi
1510 807 1603 844 opus

447 840 617 879 facerent
638 865 651 887 ,
681 857 803 895 neque
819 843 893 880 ulli
913 843 997 881 loco
1016 855 1244 894 parcerent,
1273 843 1348 881 slve
1366 843 1469 882 sacer
1484 845 1572 883 esset
1590 870 1604 891 ,

446 894 522 932 five
542 893 723 946 profanus
741 921 754 942 ,
783 895 857 934 five
885 899 1059 947 privatus
1076 920 1090 943 ,
1119 896 1193 934 sive
1209 896 1410 947 publicus:
1440 899 1475 934 ὃ(
1491 900 1604 936 undi-

446 962 521 999 que
538 948 637 999 quod
655 951 832 987 idoneum
849 950 897 986 ad
925 951 1174 987 muniendum
1193 961 1369 1000 putarent
1386 974 1398 996 ‚
1428 965 1605 1002 congere-

445 1014 531 1038 rent
545 1029 552 1037 .
584 1003 672 1061 Qo
689 1002 831 1041 saelum
850 1002 899 1040 est
914 1027 928 1049 ,
944 1015 985 1041 ut
1003 1002 1294 1041 Atheniensium
1310 1006 1408 1040 muri
1424 1018 1469 1041 ex
1487 1004 1602 1043 sacel-

443 1054 496 1092 lis
512 1054 763 1107 sepulcrisque
780 1054 993 1094 constarent
1010 1083 1019 1093 .

498 1106 588 1145 VII.
620 1107 896 1146 Themistocles
927 1121 1053 1146 autem
1083 1121 1125 1146 ut
1143 1107 1451 1147 Lacedaemonem
1470 1112 1602 1156 venit,

443 1161 550 1199 adire
564 1163 612 1200 ad
627 1161 868 1214 magistratus
886 1163 1012 1199 noluit
1026 1186 1038 1207 ,
1056 1162 1091 1198 ὅ(
1107 1162 1212 1200 dedit
1229 1175 1380 1213 operam
1398 1186 1411 1208 ,
1428 1175 1469 1200 ut
1487 1177 1601 1214 quam

443 1215 657 1266 longiffime
688 1227 837 1266 tempus
856 1215 1081 1259 duceretur,
1109 1214 1272 1253 cauisam
1303 1218 1548 1266 interponens
1566 1215 1603 1254 se

442 1268 610 1320 collegas
643 1269 857 1320 exspetstare
873 1296 881 1304 .
919 1268 1020 1306 Cum
1052 1268 1330 1306 Lacedaemonii
1361 1281 1603 1320 quererentur

443 1334 538 1371 opus
555 1321 808 1359 nihilominus
843 1320 924 1359 fieri
941 1346 955 1368 ,
984 1336 1145 1373 eumque
1162 1335 1202 1359 ea
1221 1336 1258 1359 re
1276 1324 1404 1359 conari
1433 1321 1570 1361 fallere
1588 1346 1601 1369 ,

444 1376 600 1412 interim
618 1376 756 1427 reliqui
788 1376 905 1426 legati
935 1374 1020 1413 sunt
1049 1374 1240 1413 consecuti
1257 1402 1267 1410 .
1299 1374 1335 1413 A
1353 1375 1488 1426 quibus
1516 1391 1602 1414 cum

441 1428 605 1466 audisset
623 1443 698 1467 non
715 1430 881 1466 multum
898 1428 1078 1480 superesse
1093 1430 1321 1465 munitionis
1334 1452 1346 1474 ,
1363 1430 1409 1466 ad
1426 1428 1600 1480 Ephoros

445 1479 821 1520 Lacedaemoniorum
836 1483 982 1520 accessit
1000 1506 1013 1529 ⁵
1037 1495 1152 1533 penes
1169 1495 1260 1533 quos
1278 1481 1463 1519 summum
1481 1486 1603 1536 impe-

445 1538 546 1572 rium
564 1547 644 1574 erat
661 1551 669 1573 :
698 1548 814 1588 atque
827 1536 927 1587 apud
944 1549 1007 1573 eos
1039 1536 1236 1573 contendit
1265 1534 1360 1573 salsa
1378 1535 1437 1573 his
1453 1535 1524 1574 effe
1539 1538 1605 1575 de·

439 1588 523 1626 lata
545 1616 554 1626 .
582 1603 698 1641 quare
713 1603 857 1641 aequum
874 1588 946 1627 effe
962 1612 975 1635 ,
993 1588 1083 1626 illos
1104 1614 1117 1635 ,
1130 1589 1248 1626 bonos
1264 1591 1366 1626 viros
1382 1589 1604 1641 nobilesque

444 1645 600 1680 mittere
616 1667 630 1689 ι,
650 1643 786 1694 quibus
803 1642 894 1680 fides
910 1642 1109 1680 haberetur
1126 1666 1138 1688 ,
1155 1645 1219 1693 qui
1236 1656 1314 1679 rem
1331 1642 1573 1693 explorarent
1589 1671 1600 1680 .

443 1696 589 1733 interea
608 1695 644 1734 se
659 1696 823 1734 obfidem
840 1698 1046 1734 retinerent
1063 1723 1070 1731 .
1101 1695 1240 1732 Gestus
1257 1694 1307 1733 est
1324 1698 1356 1733 ei
1372 1710 1454 1734 mos
1467 1720 1480 1742 ,
1508 1696 1602 1734 tres-

443 1761 518 1800 que
534 1750 651 1801 legati
671 1773 684 1796 5
712 1748 835 1787 suntffi
851 1749 1006 1787 summis
1035 1749 1242 1787 honoribus
1259 1772 1272 1796 9
1301 1748 1477 1786 Athenas
1504 1750 1602 1787 miffi

443 1801 531 1840 sunt
546 1829 556 1839 .
584 1802 684 1840 Cum
702 1803 758 1840 his
786 1803 953 1855 collegas
970 1802 1052 1840 suos
1070 1801 1344 1840 Themistocles
1360 1802 1460 1854 jussit
1487 1803 1603 1853 profi-

443 1853 556 1894 cisci:
586 1855 713 1908 eisque
728 1857 901 1907 praedixit
918 1880 931 1903 ,
959 1868 1002 1893 ut
1031 1871 1078 1893 ne
1092 1859 1196 1907 prius
1228 1854 1601 1894 Lacedaemoniorum

443 1909 590 1959 legatos
609 1910 848 1948 dimitterent
865 1933 878 1956 ,
907 1923 1019 1961 quam
1051 1909 1128 1960 ipse
1154 1908 1243 1947 esset
1274 1909 1443 1947 remissus
1462 1937 1470 1946 .
1512 1907 1598 1948 Hos

442 1961 640 2014 postquam
657 1963 832 2002 Athenas
850 1962 1059 2013 pervenisse
1087 1962 1137 2000 est
1168 1976 1270 2001 ratus
1287 1988 1300 2010 ‚
1327 1963 1374 2000 ad
1403 1962 1602 2014 magistra-

443 2027 526 2053 tum
544 2016 788 2069 senatumque
804 2016 1178 2054 Lacedaemoniorum
1197 2018 1294 2054 adiit
1311 2040 1324 2063 9
1353 2018 1389 2053 &
1407 2017 1508 2066 apud
1535 2031 1599 2054 eos

443 2067 638 2110 liberrime
652 2071 835 2124 professus
850 2069 900 2115 est
917 2093 931 2122 2
953 2070 1209 2112 Athenienses
1226 2070 1290 2113 suo
1306 2069 1481 2116 consilio,
1498 2070 1597 2120 quod

1442 2137 1546 2164 com-
