1714 2719
343 184 958 226 TESTIMONIA.
1126 188 1190 222 xix

77 267 144 305 lib.
164 265 253 304 Vll.
272 281 352 317 cap.
374 265 528 304 XVIII.
547 268 583 304 &
612 265 810 304 Charisius
843 266 909 304 lib.
928 264 958 301 I.
980 264 1070 301 Alia
1090 279 1244 315 quoque

75 322 240 367 eiusdem
272 321 430 359 laudant
449 333 615 359 veteres:
651 320 711 358 sed
730 336 803 358 non
827 324 919 358 item
936 333 1014 370 qua:
1051 320 1096 355 ad
1126 319 1243 356 histo—

76 379 172 413 riam
192 378 409 426 pertineant
426 404 433 410 .
465 373 568 412 Nam
601 387 644 412 ex
663 373 820 424 epistola
843 378 920 424 ejus
936 374 981 410 ad
1013 371 1242 410 Ciceronem

76 429 244 479 quaedam
265 428 490 467 Laelantius
507 427 630 466 adfert
649 428 716 465 lib.
744 427 814 464 Ill.
837 427 963 465 Instit.
1001 426 1140 463 Divin.
1159 439 1241 475 cap.

76 481 172 519 XV·
191 483 524 543 Qemadmodum
542 484 577 520 ἃ
594 482 793 520 Ciceronis
810 483 857 519 ad
890 488 1058 528 Nepotem
1075 479 1242 531 epistola:

75 538 256 575 meminit
287 535 538 588 Tranquillus
571 541 607 573 in
641 536 743 586 Julio
773 550 856 586 cap.
889 534 976 572 LV.
1009 534 1244 572 Ammianus

75 589 334 628 Marcellinus
351 593 463 629 initio
480 591 569 628 libri
589 589 748 632 XXVI,
763 605 807 628 ac
825 588 1038 626 Priscianus
1056 585 1241 625 lib.VllI.

73 641 200 680 Immo
230 646 266 682 &
298 644 501 682 secundum
519 645 719 682 Ciceronis
750 643 994 695 epistolarum
1029 642 1170 679 librum
1196 640 1245 678 ad

74 702 245 743 Nepotem
262 698 485 736 Macrobius
502 703 596 736 citat
629 697 763 735 lib.11.
793 699 915 735 Satur.
933 711 1015 747 cap.
1035 695 1066 733 l.
1083 695 1199 746 Quod
1221 693 1246 730 st

76 753 161 801 quis
179 749 388 803 fragmenta
408 755 536 789 omnia
555 754 707 801 Nepotis
723 752 904 789 desideret
921 775 934 795 ‚
965 751 1079 800 longe
1102 753 1148 787 iis
1165 747 1248 786 col-

77 805 244 852 ligendis
262 808 427 855 priorum
448 808 543 843 vicit
578 804 801 842 industriam
831 804 1006 841 Andreas
1039 804 1217 840 schottus
1235 828 1244 836 ·

79 855 314 895 Hermolaus
358 858 542 896 Burburus
585 858 898 909 castigationibus
946 860 983 893 in
1021 856 1142 893 Plinii
1176 855 1244 893 lib.

79 910 270 960 XV-eap.
294 910 452 948 XXIX.
487 911 612 949 censet
631 936 643 955 ‚
675 912 854 948 libellum
882 911 928 947 de
962 913 1055 947 viris
1087 908 1248 946 illustri-

78 963 146 1000 bus
162 987 175 1007 ,
192 967 256 1014 qui
276 963 405 1001 Plinio
423 964 540 1001 tribui
560 964 674 1008 solet,
690 962 848 999 Cornelii
866 965 1018 1010 Nepotis
1036 961 1125 1008 else,
1144 961 1245 998 haud

75 1015 223 1053 Plinii:
253 1029 370 1068 atque
398 1018 435 1054 id
456 1017 649 1054 veteribus
684 1016 793 1054 codd.
824 1014 967 1053 adstrui
987 1015 1091 1065 posse
1109 1039 1122 1061 ‚
1152 1013 1248 1052 affe-

78 1083 184 1107 verat
202 1097 209 1105 .
228 1068 358 1107 Etiam
372 1073 461 1122 Jani
479 1071 553 1108 haec
572 1069 759 1107 Parrhafii
778 1069 967 1107 sententia
986 1067 1061 1106 fuit
1077 1097 1085 1105 .
1107 1068 1248 1106 Utrius

78 1124 120 1161 sit
138 1147 151 1169 ,
180 1123 347 1160 dubitari
375 1127 430 1162 ait
450 1124 615 1162 Vinctus
632 1148 645 1169 ‚
676 1138 744 1161 nec
760 1137 801 1161 ea
820 1123 866 1161 de
892 1137 930 1161 re
947 1121 1108 1160 statuere
1137 1120 1251 1174 quid-

79 1190 191 1226 quam
222 1175 332 1214 ausus
364 1176 415 1215 est
442 1206 449 1213 .
495 1177 619 1216 Immo
650 1179 774 1228 aliqui
802 1190 868 1214 aut
895 1177 1119 1214 Suetonium
1138 1200 1151 1222 ,
1181 1186 1251 1213 aut

83 1230 262 1267 Tacitum
293 1230 366 1268 effe
400 1231 590 1268 auCrorcm
628 1243 838 1282 putarunt:
868 1243 911 1268 ut
931 1231 1077 1268 indicat
1101 1228 1253 1279 Gyral-

80 1284 148 1321 dus
166 1283 395 1335 dialogismo
413 1284 568 1322 XXVI.
588 1286 658 1323 Sed
676 1287 836 1322 omnino
854 1283 941 1322 sunt
973 1285 1078 1321 Sexti
1096 1282 1253 1321 Aurelii

80 1335 249 1375 Vieioris
267 1353 275 1374 ε
306 1351 347 1376 ut
386 1337 478 1376 satis
508 1353 608 1377 nunc
638 1337 783 1377 constat
814 1351 860 1375 ex
893 1337 1064 1375 editione
1089 1336 1254 1374 Andreae

81 1391 230 1428 Schotti
247 1418 255 1427 .
286 1389 378 1429 Non
411 1392 547 1430 dubito
582 1395 739 1430 interim
769 1394 864 1443 quin
894 1390 1078 1442 pleraque
1109 1405 1154 1428 cx
1173 1396 1253 1427 Ne-

75 1454 156 1493 pote
173 1443 307 1482 vietor
336 1444 554 1484 desumserit
574 1475 581 1483 .
615 1447 720 1484 Nam
754 1446 855 1497 quod
886 1445 1109 1483 Ludovicus
1126 1444 1250 1482 Vives

82 1498 150 1535 lib.
170 1497 218 1534 V.
237 1498 283 1536 de
297 1500 492 1538 tradendis
510 1500 727 1551 disciplinis
745 1524 758 1546 ,
788 1505 957 1548 Nepotem
973 1502 1027 1536 ait
1045 1499 1090 1536 de
1106 1497 1252 1535 Graecis

80 1551 204 1589 solum
221 1551 378 1590 ducibus
392 1552 571 1605 scripsisse
590 1569 601 1599 ς
634 1555 671 1591 id
689 1553 781 1592 satis
813 1552 1006 1591 refellitur
1023 1552 1149 1590 verbis
1177 1558 1253 1588 Ne-

78 1608 175 1654 potis
191 1618 303 1643 antea
320 1607 491 1645 adduffls
509 1636 516 1644 .
549 1607 622 1644 Vir
637 1607 869 1645 dofflffimus
903 1606 954 1650 Ῐο.
971 1606 1099 1643 Maria
1131 1604 1254 1642 Cata-

83 1673 200 1704 naeus,
217 1664 491 1698 commentario
510 1664 547 1698 in
566 1661 686 1699 Plinii
704 1661 844 1698 librum
862 1657 1250 1710 IV.epist.XXV111.

85 1722 163 1762 quae
180 1713 226 1749 ad
244 1714 422 1751 Severum
441 1713 575 1766 scripta
594 1715 644 1752 est
662 1739 674 1760 ,
702 1717 818 1752 etiam
836 1713 1022 1752 Daretem
1042 1712 1252 1764 Phrygium

84 1779 106 1802 a
125 1772 260 1814 Nepote
287 1767 520 1805 translatum
552 1769 760 1806 arbitratur
777 1796 784 1804 .
817 1766 968 1818 Nempe
985 1768 1135 1818 decepit
1165 1780 1252 1803 eum

89 1819 258 1870 vulgaris
274 1817 458 1869 ἐπιγραφή
477 1849 486 1856 .
517 1821 704 1860 Attamen
721 1823 756 1859 &
774 1823 836 1859 hic
851 1835 947 1872 aqua
975 1822 1086 1858 haerct
1105 1819 1253 1857 Vineto

87 1876 192 1910 notis
209 1875 247 1910 in
266 1872 411 1911 Auson.
442 1873 562 1923 Idyll.
587 1874 675 1912 Vll.
706 1874 838 1926 Negat
880 1874 954 1912 effe
983 1878 1048 1926 qui
1067 1876 1161 1912 certi
1179 1875 1253 1910 ali-

88 1926 181 1977 quid
197 1927 243 1964 de
259 1927 466 1966 tralatione
500 1929 568 1966 liae
600 1929 693 1967 ausit
723 1929 936 1966 affirmare.
968 1926 1094 1979 Atqui
1121 1939 1253 1964 omnes

87 1980 225 2030 quibus
241 1981 364 2018 ullum
395 1983 434 2018 in
467 1981 568 2020 hisce
599 1983 723 2020 literis
746 1982 932 2035 judicium
962 1981 1012 2019 est
1031 2005 1043 2027 ‚
1074 1980 1164 2017 satis
1197 1982 1256 2017 vi-

88 2034 178 2070 dent
198 2058 211 2079 ‚
241 2033 512 2079 necDaretem
546 2035 658 2073 illum
675 2035 747 2073 esse
762 2038 970 2088 genuinum
990 2060 1002 2081 ,
1033 2049 1101 2072 nec
1118 2033 1257 2070 (ἱίξῖἰο-

89 2101 175 2124 nem
193 2089 273 2138 ejus
293 2087 534 2140 Augustaeam
561 2088 691 2141 sapere
709 2101 860 2127 aetatem
879 2103 891 2134 3
921 2088 982 2126 sed
1009 2090 1258 2127 recentiorem

784 2142 808 2180 b
863 2154 885 2179 2
1103 2140 1205 2178 mul-
