<?xml version="1.0" encoding="UTF-8"?>
<!DOCTYPE html PUBLIC "-//W3C//DTD XHTML 1.0 Transitional//EN"
    "http://www.w3.org/TR/xhtml1/DTD/xhtml1-transitional.dtd">
<html xmlns="http://www.w3.org/1999/xhtml" xml:lang="en" lang="en">
 <head>
  <title>
</title>
<meta http-equiv="Content-Type" content="text/html;charset=utf-8" />
  <meta name='ocr-system' content='tesseract 3.04.00' />
  <meta name='ocr-capabilities' content='ocr_page ocr_carea ocr_par ocr_line ocrx_word'/>
</head>
<body>
  <div class='ocr_page' id='page_1' title='image "./quaeexstantomnia00nepouoft_0083.png"; bbox 0 0 1714 2719; ppageno 0'>
   <div class='ocr_carea' id='block_1_1' title="bbox 0 2078 115 2719">
    <p class='ocr_par' dir='ltr' id='par_1_1' title="bbox 0 2078 115 2719">
     <span class='ocr_line' id='line_1_1' title="bbox 0 2078 115 2719; baseline 0 -599"><span class='ocrx_word' id='word_1_1' title='bbox 0 2078 115 2719; x_wconf 95' lang='lat' dir='ltr'>  </span> 
     </span>
    </p>
   </div>
   <div class='ocr_carea' id='block_1_2' title="bbox 433 141 1197 189">
    <p class='ocr_par' dir='ltr' id='par_1_2' title="bbox 433 141 1197 189">
     <span class='ocr_line' id='line_1_2' title="bbox 433 141 1197 189; baseline -0.007 -7"><span class='ocrx_word' id='word_1_2' title='bbox 433 141 759 182; x_wconf 87' lang='lat' dir='ltr'><strong>DION.</strong></span> <span class='ocrx_word' id='word_1_3' title='bbox 855 141 907 179; x_wconf 85' lang='lat' dir='ltr'>X.</span> <span class='ocrx_word' id='word_1_4' title='bbox 1150 154 1197 189; x_wconf 81' lang='lat'>⁴3</span> 
     </span>
    </p>
   </div>
   <div class='ocr_carea' id='block_1_3' title="bbox 62 221 1252 2137">
    <p class='ocr_par' dir='ltr' id='par_1_3' title="bbox 62 221 1252 1448">
     <span class='ocr_line' id='line_1_3' title="bbox 96 221 1248 284; baseline -0.001 -22"><span class='ocrx_word' id='word_1_5' title='bbox 96 228 252 284; x_wconf 56' lang='lat' dir='ltr'>gstbant</span> <span class='ocrx_word' id='word_1_6' title='bbox 272 254 280 262; x_wconf 92' lang='lat'>.</span> <span class='ocrx_word' id='word_1_7' title='bbox 312 238 399 264; x_wconf 83' lang='lat' dir='ltr'>nam</span> <span class='ocrx_word' id='word_1_8' title='bbox 417 235 562 275; x_wconf 81' lang='lat' dir='ltr'>quanto</span> <span class='ocrx_word' id='word_1_9' title='bbox 591 222 681 260; x_wconf 80' lang='lat' dir='ltr'>esset</span> <span class='ocrx_word' id='word_1_10' title='bbox 699 222 763 260; x_wconf 81' lang='lat' dir='ltr'>sibi</span> <span class='ocrx_word' id='word_1_11' title='bbox 795 235 1020 261; x_wconf 87' lang='lat' dir='ltr'>ornamento</span> <span class='ocrx_word' id='word_1_12' title='bbox 1035 221 1222 261; x_wconf 83' lang='lat' dir='ltr'>sentiebat</span> <span class='ocrx_word' id='word_1_13' title='bbox 1236 251 1248 260; x_wconf 90' lang='lat'>.</span> 
     </span>
     <span class='ocr_line' id='line_1_4' title="bbox 62 271 1246 335; baseline -0.006 -13"><span class='ocrx_word' id='word_1_14' title='bbox 62 271 72 283; x_wconf 54' lang='lat'>⁸</span> <span class='ocrx_word' id='word_1_15' title='bbox 92 299 169 335; x_wconf 87' lang='lat' dir='ltr'>quo</span> <span class='ocrx_word' id='word_1_16' title='bbox 186 282 297 321; x_wconf 77' lang='lat' dir='ltr'>fiebat</span> <span class='ocrx_word' id='word_1_17' title='bbox 314 291 353 317; x_wconf 92' lang='lat' dir='ltr'>ut</span> <span class='ocrx_word' id='word_1_18' title='bbox 371 281 435 316; x_wconf 88' lang='lat' dir='ltr'>uni</span> <span class='ocrx_word' id='word_1_19' title='bbox 451 278 538 314; x_wconf 82' lang='lat' dir='ltr'>huic</span> <span class='ocrx_word' id='word_1_20' title='bbox 555 279 722 314; x_wconf 83' lang='lat' dir='ltr'>maxime</span> <span class='ocrx_word' id='word_1_21' title='bbox 739 276 955 327; x_wconf 78' lang='lat' dir='ltr'>indulgeret</span> <span class='ocrx_word' id='word_1_22' title='bbox 973 301 986 321; x_wconf 84' lang='lat'><strong>‚</strong></span> <span class='ocrx_word' id='word_1_23' title='bbox 1024 290 1146 326; x_wconf 80' lang='lat' dir='ltr'>neque</span> <span class='ocrx_word' id='word_1_24' title='bbox 1161 290 1246 315; x_wconf 86' lang='lat' dir='ltr'>cum</span> 
     </span>
     <span class='ocr_line' id='line_1_5' title="bbox 93 328 1248 388; baseline -0.007 -12"><span class='ocrx_word' id='word_1_25' title='bbox 93 338 196 376; x_wconf 71' lang='lat' dir='ltr'>secus</span> <span class='ocrx_word' id='word_1_26' title='bbox 212 335 389 385; x_wconf 79' lang='lat' dir='ltr'>diligeret</span> <span class='ocrx_word' id='word_1_27' title='bbox 406 345 449 368; x_wconf 80' lang='lat' dir='ltr'>ac</span> <span class='ocrx_word' id='word_1_28' title='bbox 466 330 587 368; x_wconf 77' lang='lat' dir='ltr'>filium</span> <span class='ocrx_word' id='word_1_29' title='bbox 607 358 614 365; x_wconf 93' lang='lat'>.</span> <span class='ocrx_word' id='word_1_30' title='bbox 645 331 724 388; x_wconf 73' lang='lat' dir='ltr'>Qii</span> <span class='ocrx_word' id='word_1_31' title='bbox 743 330 895 380; x_wconf 84' lang='lat' dir='ltr'>quidem</span> <span class='ocrx_word' id='word_1_32' title='bbox 913 352 926 375; x_wconf 82' lang='lat'>,</span> <span class='ocrx_word' id='word_1_33' title='bbox 943 344 1027 375; x_wconf 85' lang='lat' dir='ltr'>cnm</span> <span class='ocrx_word' id='word_1_34' title='bbox 1046 328 1248 368; x_wconf 82' lang='lat' dir='ltr'>Platonem</span> 
     </span>
     <span class='ocr_line' id='line_1_6' title="bbox 96 381 1250 433; baseline -0.007 -4"><span class='ocrx_word' id='word_1_35' title='bbox 96 391 304 428; x_wconf 81' lang='lat' dir='ltr'>Tarentum</span> <span class='ocrx_word' id='word_1_36' title='bbox 322 383 463 424; x_wconf 64' lang='lat' dir='ltr'>venisse</span> <span class='ocrx_word' id='word_1_37' title='bbox 477 382 578 422; x_wconf 84' lang='lat' dir='ltr'>fama</span> <span class='ocrx_word' id='word_1_38' title='bbox 600 386 636 420; x_wconf 92' lang='lat' dir='ltr'>in</span> <span class='ocrx_word' id='word_1_39' title='bbox 655 383 828 422; x_wconf 80' lang='lat' dir='ltr'>Siciliam</span> <span class='ocrx_word' id='word_1_40' title='bbox 844 381 935 420; x_wconf 73' lang='lat' dir='ltr'>esset</span> <span class='ocrx_word' id='word_1_41' title='bbox 952 384 1097 433; x_wconf 82' lang='lat' dir='ltr'>perlata</span> <span class='ocrx_word' id='word_1_42' title='bbox 1116 406 1130 428; x_wconf 81' lang='lat'>,</span> <span class='ocrx_word' id='word_1_43' title='bbox 1158 385 1250 421; x_wconf 82' lang='lat' dir='ltr'>ado-</span> 
     </span>
     <span class='ocr_line' id='line_1_7' title="bbox 97 436 1249 491; baseline -0.007 -9"><span class='ocrx_word' id='word_1_44' title='bbox 97 443 253 482; x_wconf 86' lang='lat' dir='ltr'>lescenti</span> <span class='ocrx_word' id='word_1_45' title='bbox 275 453 410 491; x_wconf 84' lang='lat' dir='ltr'>negare</span> <span class='ocrx_word' id='word_1_46' title='bbox 426 452 501 475; x_wconf 90' lang='lat' dir='ltr'>non</span> <span class='ocrx_word' id='word_1_47' title='bbox 531 441 658 488; x_wconf 89' lang='lat' dir='ltr'>potuit</span> <span class='ocrx_word' id='word_1_48' title='bbox 688 439 779 489; x_wconf 88' lang='lat' dir='ltr'>quin</span> <span class='ocrx_word' id='word_1_49' title='bbox 798 450 884 474; x_wconf 90' lang='lat' dir='ltr'>eum</span> <span class='ocrx_word' id='word_1_50' title='bbox 913 436 1135 481; x_wconf 71' lang='lat' dir='ltr'>arcesseret,</span> <span class='ocrx_word' id='word_1_51' title='bbox 1163 451 1249 474; x_wconf 85' lang='lat' dir='ltr'>cum</span> 
     </span>
     <span class='ocr_line' id='line_1_8' title="bbox 93 489 1248 545; baseline -0.007 -10"><span class='ocrx_word' id='word_1_52' title='bbox 93 496 201 536; x_wconf 91' lang='lat' dir='ltr'>Dion</span> <span class='ocrx_word' id='word_1_53' title='bbox 218 496 296 545; x_wconf 79' lang='lat' dir='ltr'>ejus</span> <span class='ocrx_word' id='word_1_54' title='bbox 325 492 505 530; x_wconf 81' lang='lat' dir='ltr'>audiendi</span> <span class='ocrx_word' id='word_1_55' title='bbox 535 492 747 541; x_wconf 75' lang='lat' dir='ltr'>cupiditate</span> <span class='ocrx_word' id='word_1_56' title='bbox 776 491 950 542; x_wconf 82' lang='lat' dir='ltr'>flagraret</span> <span class='ocrx_word' id='word_1_57' title='bbox 968 518 976 525; x_wconf 94' lang='lat'><strong>.</strong></span> <span class='ocrx_word' id='word_1_58' title='bbox 1007 489 1130 527; x_wconf 86' lang='lat' dir='ltr'>Dedit</span> <span class='ocrx_word' id='word_1_59' title='bbox 1158 504 1248 542; x_wconf 86' lang='lat' dir='ltr'>ergo</span> 
     </span>
     <span class='ocr_line' id='line_1_9' title="bbox 93 542 1251 595; baseline -0.006 -7"><span class='ocrx_word' id='word_1_60' title='bbox 93 551 181 589; x_wconf 85' lang='lat' dir='ltr'>huie</span> <span class='ocrx_word' id='word_1_61' title='bbox 198 550 348 586; x_wconf 80' lang='lat' dir='ltr'>veniam</span> <span class='ocrx_word' id='word_1_62' title='bbox 362 570 375 592; x_wconf 88' lang='lat'>,</span> <span class='ocrx_word' id='word_1_63' title='bbox 393 558 608 595; x_wconf 82' lang='lat' dir='ltr'>magnaque</span> <span class='ocrx_word' id='word_1_64' title='bbox 622 559 706 582; x_wconf 87' lang='lat' dir='ltr'>eum</span> <span class='ocrx_word' id='word_1_65' title='bbox 723 543 936 581; x_wconf 80' lang='lat' dir='ltr'>ambitione</span> <span class='ocrx_word' id='word_1_66' title='bbox 952 542 1150 593; x_wconf 81' lang='lat' dir='ltr'>Syracusas</span> <span class='ocrx_word' id='word_1_67' title='bbox 1167 558 1251 594; x_wconf 86' lang='lat' dir='ltr'>pcr-</span> 
     </span>
     <span class='ocr_line' id='line_1_10' title="bbox 93 596 1249 659; baseline -0.007 -18"><span class='ocrx_word' id='word_1_68' title='bbox 93 604 204 641; x_wconf 79' lang='lat' dir='ltr'>duxit</span> <span class='ocrx_word' id='word_1_69' title='bbox 222 628 231 637; x_wconf 90' lang='lat'>.</span> <span class='ocrx_word' id='word_1_70' title='bbox 261 603 387 659; x_wconf 81' lang='lat' dir='ltr'>Qem</span> <span class='ocrx_word' id='word_1_71' title='bbox 407 597 512 635; x_wconf 80' lang='lat' dir='ltr'>Dion</span> <span class='ocrx_word' id='word_1_72' title='bbox 531 599 626 636; x_wconf 84' lang='lat' dir='ltr'>adeo</span> <span class='ocrx_word' id='word_1_73' title='bbox 640 600 851 636; x_wconf 78' lang='lat' dir='ltr'>admiratus</span> <span class='ocrx_word' id='word_1_74' title='bbox 867 596 918 634; x_wconf 86' lang='lat' dir='ltr'>est</span> <span class='ocrx_word' id='word_1_75' title='bbox 936 620 949 642; x_wconf 82' lang='lat'>,</span> <span class='ocrx_word' id='word_1_76' title='bbox 965 609 1081 648; x_wconf 86' lang='lat' dir='ltr'>atque</span> <span class='ocrx_word' id='word_1_77' title='bbox 1095 596 1249 634; x_wconf 72' lang='lat' dir='ltr'>adama-</span> 
     </span>
     <span class='ocr_line' id='line_1_11' title="bbox 92 651 1249 702; baseline -0.003 -8"><span class='ocrx_word' id='word_1_78' title='bbox 92 659 152 695; x_wconf 85' lang='lat' dir='ltr'>vit</span> <span class='ocrx_word' id='word_1_79' title='bbox 168 679 184 701; x_wconf 83' lang='lat'>,</span> <span class='ocrx_word' id='word_1_80' title='bbox 213 667 252 692; x_wconf 85' lang='lat' dir='ltr'>ut</span> <span class='ocrx_word' id='word_1_81' title='bbox 270 657 305 693; x_wconf 73' lang='lat' dir='ltr'>se</span> <span class='ocrx_word' id='word_1_82' title='bbox 321 665 443 690; x_wconf 86' lang='lat' dir='ltr'>totum</span> <span class='ocrx_word' id='word_1_83' title='bbox 462 655 495 689; x_wconf 86' lang='lat' dir='ltr'>ei</span> <span class='ocrx_word' id='word_1_84' title='bbox 513 652 677 689; x_wconf 77' lang='lat' dir='ltr'>traderet</span> <span class='ocrx_word' id='word_1_85' title='bbox 694 680 703 688; x_wconf 93' lang='lat'><strong>.</strong></span> <span class='ocrx_word' id='word_1_86' title='bbox 733 665 855 702; x_wconf 84' lang='lat' dir='ltr'>neque</span> <span class='ocrx_word' id='word_1_87' title='bbox 871 665 960 688; x_wconf 88' lang='lat' dir='ltr'>vero</span> <span class='ocrx_word' id='word_1_88' title='bbox 976 654 1103 687; x_wconf 89' lang='lat' dir='ltr'>minus</span> <span class='ocrx_word' id='word_1_89' title='bbox 1136 651 1249 690; x_wconf 86' lang='lat' dir='ltr'>Plato</span> 
     </span>
     <span class='ocr_line' id='line_1_12' title="bbox 91 703 1251 756; baseline -0.005 -8"><span class='ocrx_word' id='word_1_90' title='bbox 91 708 302 748; x_wconf 59' lang='lat' dir='ltr'>delessatus</span> <span class='ocrx_word' id='word_1_91' title='bbox 320 706 371 743; x_wconf 86' lang='lat' dir='ltr'>est</span> <span class='ocrx_word' id='word_1_92' title='bbox 389 704 520 743; x_wconf 88' lang='lat' dir='ltr'>Dione</span> <span class='ocrx_word' id='word_1_93' title='bbox 536 732 545 740; x_wconf 91' lang='lat'><strong>.</strong></span> <span class='ocrx_word' id='word_1_94' title='bbox 575 703 711 756; x_wconf 88' lang='lat' dir='ltr'>Itaque</span> <span class='ocrx_word' id='word_1_95' title='bbox 734 719 819 743; x_wconf 89' lang='lat' dir='ltr'>cum</span> <span class='ocrx_word' id='word_1_96' title='bbox 849 717 870 741; x_wconf 83' lang='lat' dir='ltr'>a</span> <span class='ocrx_word' id='word_1_97' title='bbox 898 703 1088 754; x_wconf 81' lang='lat' dir='ltr'>Dionysio</span> <span class='ocrx_word' id='word_1_98' title='bbox 1118 716 1251 754; x_wconf 86' lang='lat' dir='ltr'>tyran-</span> 
     </span>
     <span class='ocr_line' id='line_1_13' title="bbox 93 758 1249 811; baseline -0.004 -10"><span class='ocrx_word' id='word_1_99' title='bbox 93 778 144 801; x_wconf 90' lang='lat' dir='ltr'>no</span> <span class='ocrx_word' id='word_1_100' title='bbox 160 762 365 800; x_wconf 68' lang='lat' dir='ltr'>crudeliter</span> <span class='ocrx_word' id='word_1_101' title='bbox 382 759 550 797; x_wconf 83' lang='lat' dir='ltr'>violatus</span> <span class='ocrx_word' id='word_1_102' title='bbox 568 758 656 796; x_wconf 83' lang='lat' dir='ltr'>esset</span> <span class='ocrx_word' id='word_1_103' title='bbox 675 783 689 803; x_wconf 82' lang='lat'><em>‚</em></span> <span class='ocrx_word' id='word_1_104' title='bbox 717 762 858 811; x_wconf 86' lang='lat' dir='ltr'>quippe</span> <span class='ocrx_word' id='word_1_105' title='bbox 880 772 993 809; x_wconf 85' lang='lat' dir='ltr'>quem</span> <span class='ocrx_word' id='word_1_106' title='bbox 1024 759 1249 796; x_wconf 87' lang='lat' dir='ltr'>venumdari</span> 
     </span>
     <span class='ocr_line' id='line_1_14' title="bbox 97 810 1252 864; baseline -0.003 -10"><span class='ocrx_word' id='word_1_107' title='bbox 97 815 247 854; x_wconf 78' lang='lat' dir='ltr'>‘ussilset</span> <span class='ocrx_word' id='word_1_108' title='bbox 263 838 278 859; x_wconf 85' lang='lat'>‚</span> <span class='ocrx_word' id='word_1_109' title='bbox 306 826 433 851; x_wconf 83' lang='lat' dir='ltr'>tamen</span> <span class='ocrx_word' id='word_1_110' title='bbox 451 813 582 849; x_wconf 88' lang='lat' dir='ltr'>eodem</span> <span class='ocrx_word' id='word_1_111' title='bbox 600 813 713 850; x_wconf 90' lang='lat' dir='ltr'>rediit</span> <span class='ocrx_word' id='word_1_112' title='bbox 730 836 745 858; x_wconf 84' lang='lat'><strong>‚</strong></span> <span class='ocrx_word' id='word_1_113' title='bbox 773 811 938 862; x_wconf 82' lang='lat' dir='ltr'>ejusdem</span> <span class='ocrx_word' id='word_1_114' title='bbox 955 810 1099 849; x_wconf 91' lang='lat' dir='ltr'>Dionis</span> <span class='ocrx_word' id='word_1_115' title='bbox 1128 816 1252 864; x_wconf 85' lang='lat' dir='ltr'>preci—</span> 
     </span>
     <span class='ocr_line' id='line_1_15' title="bbox 94 832 1247 915; baseline -0.003 -8"><span class='ocrx_word' id='word_1_116' title='bbox 94 832 165 908; x_wconf 74' lang='lat' dir='ltr'>bus</span> <span class='ocrx_word' id='word_1_117' title='bbox 181 865 362 905; x_wconf 56' lang='lat' dir='ltr'>adductius</span> <span class='ocrx_word' id='word_1_118' title='bbox 378 893 387 901; x_wconf 89' lang='lat'><strong>.</strong></span> <span class='ocrx_word' id='word_1_119' title='bbox 418 863 577 902; x_wconf 82' lang='lat' dir='ltr'>Interim</span> <span class='ocrx_word' id='word_1_120' title='bbox 597 869 633 901; x_wconf 92' lang='lat' dir='ltr'>in</span> <span class='ocrx_word' id='word_1_121' title='bbox 651 865 824 903; x_wconf 84' lang='lat' dir='ltr'>morbum</span> <span class='ocrx_word' id='word_1_122' title='bbox 845 865 980 902; x_wconf 88' lang='lat' dir='ltr'>incidit</span> <span class='ocrx_word' id='word_1_123' title='bbox 1011 864 1219 915; x_wconf 79' lang='lat' dir='ltr'>Dionysius</span> <span class='ocrx_word' id='word_1_124' title='bbox 1237 882 1247 904; x_wconf 74' lang='grc' dir='ltr'>ε</span> 
     </span>
     <span class='ocr_line' id='line_1_16' title="bbox 121 918 1249 970; baseline -0.002 -11"><span class='ocrx_word' id='word_1_125' title='bbox 121 937 169 959; x_wconf 89' lang='grc' dir='ltr'>υο</span> <span class='ocrx_word' id='word_1_126' title='bbox 198 933 282 958; x_wconf 89' lang='lat' dir='ltr'>cum</span> <span class='ocrx_word' id='word_1_127' title='bbox 316 921 484 970; x_wconf 83' lang='lat' dir='ltr'>graviter</span> <span class='ocrx_word' id='word_1_128' title='bbox 513 918 795 956; x_wconf 51' lang='lat' dir='ltr'>conflieiaretur</span> <span class='ocrx_word' id='word_1_129' title='bbox 811 942 825 964; x_wconf 85' lang='lat'>,</span> <span class='ocrx_word' id='word_1_130' title='bbox 854 919 1021 969; x_wconf 83' lang='lat' dir='ltr'>quaesivit</span> <span class='ocrx_word' id='word_1_131' title='bbox 1053 932 1071 955; x_wconf 81' lang='lat' dir='ltr'>a</span> <span class='ocrx_word' id='word_1_132' title='bbox 1089 921 1249 957; x_wconf 78' lang='lat' dir='ltr'>medicis</span> 
     </span>
     <span class='ocr_line' id='line_1_17' title="bbox 91 936 1251 1023; baseline 0 -13"><span class='ocrx_word' id='word_1_133' title='bbox 91 936 200 1013; x_wconf 46' lang='lat' dir='ltr'>{ion</span> <span class='ocrx_word' id='word_1_134' title='bbox 217 997 230 1018; x_wconf 85' lang='lat'><strong>‚</strong></span> <span class='ocrx_word' id='word_1_135' title='bbox 247 971 565 1023; x_wconf 77' lang='lat' dir='ltr'>quemadmodum</span> <span class='ocrx_word' id='word_1_136' title='bbox 582 970 618 1008; x_wconf 92' lang='lat' dir='ltr'>se</span> <span class='ocrx_word' id='word_1_137' title='bbox 633 972 786 1008; x_wconf 84' lang='lat' dir='ltr'>haberet</span> <span class='ocrx_word' id='word_1_138' title='bbox 802 998 811 1007; x_wconf 85' lang='lat'><strong>.</strong></span> <span class='ocrx_word' id='word_1_139' title='bbox 845 971 1030 1022; x_wconf 78' lang='lat' dir='ltr'>simulque</span> <span class='ocrx_word' id='word_1_140' title='bbox 1045 973 1093 1009; x_wconf 87' lang='lat' dir='ltr'>ab</span> <span class='ocrx_word' id='word_1_141' title='bbox 1108 973 1167 1010; x_wconf 87' lang='lat' dir='ltr'>his</span> <span class='ocrx_word' id='word_1_142' title='bbox 1184 986 1251 1023; x_wconf 86' lang='lat' dir='ltr'>pe-</span> 
     </span>
     <span class='ocr_line' id='line_1_18' title="bbox 90 1024 1246 1075; baseline -0.003 -9"><span class='ocrx_word' id='word_1_143' title='bbox 90 1030 156 1066; x_wconf 88' lang='lat' dir='ltr'>tiit</span> <span class='ocrx_word' id='word_1_144' title='bbox 172 1050 187 1073; x_wconf 83' lang='lat'>,</span> <span class='ocrx_word' id='word_1_145' title='bbox 213 1025 236 1064; x_wconf 79' lang='lat' dir='ltr'>fi</span> <span class='ocrx_word' id='word_1_146' title='bbox 254 1024 352 1063; x_wconf 88' lang='lat' dir='ltr'>forte</span> <span class='ocrx_word' id='word_1_147' title='bbox 368 1025 504 1074; x_wconf 84' lang='lat' dir='ltr'>majori</span> <span class='ocrx_word' id='word_1_148' title='bbox 520 1024 609 1062; x_wconf 79' lang='lat' dir='ltr'>elset</span> <span class='ocrx_word' id='word_1_149' title='bbox 626 1025 795 1075; x_wconf 89' lang='lat' dir='ltr'>periculo</span> <span class='ocrx_word' id='word_1_150' title='bbox 811 1047 824 1069; x_wconf 85' lang='lat'>‚</span> <span class='ocrx_word' id='word_1_151' title='bbox 853 1037 894 1062; x_wconf 88' lang='lat' dir='ltr'>ut</span> <span class='ocrx_word' id='word_1_152' title='bbox 914 1024 980 1062; x_wconf 81' lang='lat' dir='ltr'>sibi</span> <span class='ocrx_word' id='word_1_153' title='bbox 1007 1024 1217 1063; x_wconf 81' lang='lat' dir='ltr'>faterentur</span> <span class='ocrx_word' id='word_1_154' title='bbox 1235 1053 1246 1062; x_wconf 90' lang='lat'><strong>.</strong></span> 
     </span>
     <span class='ocr_line' id='line_1_19' title="bbox 92 1077 1248 1131; baseline -0.002 -12"><span class='ocrx_word' id='word_1_155' title='bbox 92 1094 180 1119; x_wconf 86' lang='lat' dir='ltr'>nam</span> <span class='ocrx_word' id='word_1_156' title='bbox 195 1079 298 1117; x_wconf 87' lang='lat' dir='ltr'>velle</span> <span class='ocrx_word' id='word_1_157' title='bbox 313 1077 348 1115; x_wconf 88' lang='lat' dir='ltr'>se</span> <span class='ocrx_word' id='word_1_158' title='bbox 363 1091 448 1115; x_wconf 87' lang='lat' dir='ltr'>cum</span> <span class='ocrx_word' id='word_1_159' title='bbox 465 1092 509 1114; x_wconf 91' lang='lat' dir='ltr'>eo</span> <span class='ocrx_word' id='word_1_160' title='bbox 524 1078 694 1129; x_wconf 85' lang='lat' dir='ltr'>colloqui</span> <span class='ocrx_word' id='word_1_161' title='bbox 710 1079 756 1115; x_wconf 90' lang='lat' dir='ltr'>de</span> <span class='ocrx_word' id='word_1_162' title='bbox 772 1079 972 1130; x_wconf 85' lang='lat' dir='ltr'>partiendo</span> <span class='ocrx_word' id='word_1_163' title='bbox 988 1093 1127 1130; x_wconf 76' lang='lat' dir='ltr'>regno,</span> <span class='ocrx_word' id='word_1_164' title='bbox 1146 1081 1248 1131; x_wconf 86' lang='lat' dir='ltr'>quod</span> 
     </span>
     <span class='ocr_line' id='line_1_20' title="bbox 92 1131 1249 1183; baseline -0.002 -11"><span class='ocrx_word' id='word_1_165' title='bbox 92 1133 226 1174; x_wconf 80' lang='lat' dir='ltr'>sororis</span> <span class='ocrx_word' id='word_1_166' title='bbox 241 1131 308 1169; x_wconf 78' lang='lat' dir='ltr'>suae</span> <span class='ocrx_word' id='word_1_167' title='bbox 326 1131 426 1168; x_wconf 80' lang='lat' dir='ltr'>filios</span> <span class='ocrx_word' id='word_1_168' title='bbox 443 1144 487 1168; x_wconf 87' lang='lat' dir='ltr'>ex</span> <span class='ocrx_word' id='word_1_169' title='bbox 507 1131 577 1167; x_wconf 91' lang='lat' dir='ltr'>illo</span> <span class='ocrx_word' id='word_1_170' title='bbox 595 1145 705 1168; x_wconf 91' lang='lat' dir='ltr'>natos</span> <span class='ocrx_word' id='word_1_171' title='bbox 720 1144 867 1182; x_wconf 89' lang='lat' dir='ltr'>partem</span> <span class='ocrx_word' id='word_1_172' title='bbox 884 1134 988 1183; x_wconf 83' lang='lat' dir='ltr'>regni</span> <span class='ocrx_word' id='word_1_173' title='bbox 1001 1133 1160 1183; x_wconf 81' lang='lat' dir='ltr'>putabat</span> <span class='ocrx_word' id='word_1_174' title='bbox 1183 1136 1249 1170; x_wconf 79' lang='lat' dir='ltr'>de-</span> 
     </span>
     <span class='ocr_line' id='line_1_21' title="bbox 93 1182 1246 1236; baseline -0.002 -10"><span class='ocrx_word' id='word_1_175' title='bbox 93 1188 178 1226; x_wconf 86' lang='lat' dir='ltr'>bere</span> <span class='ocrx_word' id='word_1_176' title='bbox 191 1185 325 1224; x_wconf 87' lang='lat' dir='ltr'>habere</span> <span class='ocrx_word' id='word_1_177' title='bbox 341 1212 349 1220; x_wconf 89' lang='lat'>.</span> <span class='ocrx_word' id='word_1_178' title='bbox 380 1182 423 1221; x_wconf 89' lang='lat' dir='ltr'>Id</span> <span class='ocrx_word' id='word_1_179' title='bbox 440 1185 579 1222; x_wconf 89' lang='lat' dir='ltr'>medici</span> <span class='ocrx_word' id='word_1_180' title='bbox 608 1199 683 1222; x_wconf 90' lang='lat' dir='ltr'>non</span> <span class='ocrx_word' id='word_1_181' title='bbox 701 1197 900 1223; x_wconf 87' lang='lat' dir='ltr'>tacuerunt</span> <span class='ocrx_word' id='word_1_182' title='bbox 918 1210 930 1231; x_wconf 87' lang='lat'>,</span> <span class='ocrx_word' id='word_1_183' title='bbox 960 1187 995 1222; x_wconf 76' lang='grc' dir='ltr'>ὅ(</span> <span class='ocrx_word' id='word_1_184' title='bbox 1021 1188 1069 1223; x_wconf 90' lang='lat' dir='ltr'>ad</span> <span class='ocrx_word' id='word_1_185' title='bbox 1087 1185 1246 1236; x_wconf 85' lang='lat' dir='ltr'>Diony-</span> 
     </span>
     <span class='ocr_line' id='line_1_22' title="bbox 92 1237 1248 1289; baseline -0.001 -11"><span class='ocrx_word' id='word_1_186' title='bbox 92 1240 183 1279; x_wconf 79' lang='lat' dir='ltr'>sium</span> <span class='ocrx_word' id='word_1_187' title='bbox 199 1239 322 1276; x_wconf 81' lang='lat' dir='ltr'>filium</span> <span class='ocrx_word' id='word_1_188' title='bbox 339 1237 548 1275; x_wconf 84' lang='lat' dir='ltr'>sermonem</span> <span class='ocrx_word' id='word_1_189' title='bbox 565 1239 778 1276; x_wconf 89' lang='lat' dir='ltr'>retulerunt</span> <span class='ocrx_word' id='word_1_190' title='bbox 795 1266 804 1273; x_wconf 88' lang='lat'><strong>.</strong></span> <span class='ocrx_word' id='word_1_191' title='bbox 837 1253 911 1289; x_wconf 93' lang='lat' dir='ltr'>quo</span> <span class='ocrx_word' id='word_1_192' title='bbox 928 1239 997 1276; x_wconf 88' lang='lat' dir='ltr'>ille</span> <span class='ocrx_word' id='word_1_193' title='bbox 1015 1253 1248 1285; x_wconf 81' lang='lat' dir='ltr'>commotus,</span> 
     </span>
     <span class='ocr_line' id='line_1_23' title="bbox 90 1290 1245 1345; baseline 0 -14"><span class='ocrx_word' id='word_1_194' title='bbox 90 1307 139 1331; x_wconf 88' lang='lat' dir='ltr'>ne</span> <span class='ocrx_word' id='word_1_195' title='bbox 152 1294 288 1344; x_wconf 88' lang='lat' dir='ltr'>agendi</span> <span class='ocrx_word' id='word_1_196' title='bbox 304 1305 388 1329; x_wconf 90' lang='lat' dir='ltr'>cum</span> <span class='ocrx_word' id='word_1_197' title='bbox 405 1305 449 1329; x_wconf 92' lang='lat' dir='ltr'>eo</span> <span class='ocrx_word' id='word_1_198' title='bbox 463 1290 554 1329; x_wconf 85' lang='lat' dir='ltr'>esset</span> <span class='ocrx_word' id='word_1_199' title='bbox 570 1290 695 1330; x_wconf 92' lang='lat' dir='ltr'>Dioni</span> <span class='ocrx_word' id='word_1_200' title='bbox 719 1290 883 1343; x_wconf 89' lang='lat' dir='ltr'>potestas</span> <span class='ocrx_word' id='word_1_201' title='bbox 901 1316 914 1338; x_wconf 86' lang='lat'>‚</span> <span class='ocrx_word' id='word_1_202' title='bbox 943 1296 1041 1343; x_wconf 84' lang='lat' dir='ltr'>patri</span> <span class='ocrx_word' id='word_1_203' title='bbox 1073 1293 1245 1345; x_wconf 88' lang='lat' dir='ltr'>soporem</span> 
     </span>
     <span class='ocr_line' id='line_1_24' title="bbox 89 1343 1245 1398; baseline -0.001 -13"><span class='ocrx_word' id='word_1_204' title='bbox 89 1348 256 1385; x_wconf 86' lang='lat' dir='ltr'>medicos</span> <span class='ocrx_word' id='word_1_205' title='bbox 271 1346 359 1383; x_wconf 78' lang='lat' dir='ltr'>dare</span> <span class='ocrx_word' id='word_1_206' title='bbox 373 1348 498 1396; x_wconf 66' lang='lat' dir='ltr'>coegit</span> <span class='ocrx_word' id='word_1_207' title='bbox 515 1373 524 1381; x_wconf 93' lang='lat'>.</span> <span class='ocrx_word' id='word_1_208' title='bbox 554 1343 644 1384; x_wconf 88' lang='lat' dir='ltr'>Hoc</span> <span class='ocrx_word' id='word_1_209' title='bbox 659 1360 752 1398; x_wconf 79' lang='lat' dir='ltr'>aeger</span> <span class='ocrx_word' id='word_1_210' title='bbox 767 1345 909 1392; x_wconf 84' lang='lat' dir='ltr'>sumto,</span> <span class='ocrx_word' id='word_1_211' title='bbox 926 1345 1058 1384; x_wconf 89' lang='lat' dir='ltr'>somno</span> <span class='ocrx_word' id='word_1_212' title='bbox 1079 1347 1245 1398; x_wconf 84' lang='lat' dir='ltr'>sopitus,</span> 
     </span>
     <span class='ocr_line' id='line_1_25' title="bbox 90 1398 569 1448; baseline -0.008 -9"><span class='ocrx_word' id='word_1_213' title='bbox 90 1401 190 1439; x_wconf 83' lang='lat' dir='ltr'>diem</span> <span class='ocrx_word' id='word_1_214' title='bbox 207 1399 304 1437; x_wconf 89' lang='lat' dir='ltr'>obiit</span> <span class='ocrx_word' id='word_1_215' title='bbox 330 1398 543 1448; x_wconf 84' lang='lat' dir='ltr'>supremum</span> <span class='ocrx_word' id='word_1_216' title='bbox 561 1426 569 1434; x_wconf 94' lang='lat'><strong>.</strong></span> 
     </span>
    </p>

    <p class='ocr_par' dir='ltr' id='par_1_4' title="bbox 91 1451 1252 2137">
     <span class='ocr_line' id='line_1_26' title="bbox 140 1451 1239 1502; baseline 0.002 -12"><span class='ocrx_word' id='word_1_217' title='bbox 140 1451 212 1490; x_wconf 87' lang='lat' dir='ltr'>Ill.</span> <span class='ocrx_word' id='word_1_218' title='bbox 233 1451 330 1490; x_wconf 84' lang='lat' dir='ltr'>Tale</span> <span class='ocrx_word' id='word_1_219' title='bbox 345 1454 502 1490; x_wconf 89' lang='lat' dir='ltr'>initium</span> <span class='ocrx_word' id='word_1_220' title='bbox 517 1451 591 1490; x_wconf 87' lang='lat' dir='ltr'>fuit</span> <span class='ocrx_word' id='word_1_221' title='bbox 607 1451 751 1491; x_wconf 90' lang='lat' dir='ltr'>Dionis</span> <span class='ocrx_word' id='word_1_222' title='bbox 768 1454 804 1490; x_wconf 88' lang='lat'>&amp;</span> <span class='ocrx_word' id='word_1_223' title='bbox 820 1451 999 1502; x_wconf 81' lang='lat' dir='ltr'>Dionysii</span> <span class='ocrx_word' id='word_1_224' title='bbox 1016 1454 1239 1500; x_wconf 80' lang='lat' dir='ltr'>simultatis;</span> 
     </span>
     <span class='ocr_line' id='line_1_27' title="bbox 91 1505 1244 1558; baseline 0 -12"><span class='ocrx_word' id='word_1_225' title='bbox 91 1521 208 1558; x_wconf 70' lang='lat' dir='ltr'>eaque</span> <span class='ocrx_word' id='word_1_226' title='bbox 222 1506 357 1543; x_wconf 88' lang='lat' dir='ltr'>multis</span> <span class='ocrx_word' id='word_1_227' title='bbox 375 1506 483 1544; x_wconf 81' lang='lat' dir='ltr'>rebus</span> <span class='ocrx_word' id='word_1_228' title='bbox 499 1505 606 1544; x_wconf 68' lang='lat' dir='ltr'>auEia</span> <span class='ocrx_word' id='word_1_229' title='bbox 623 1505 673 1543; x_wconf 87' lang='lat' dir='ltr'>est</span> <span class='ocrx_word' id='word_1_230' title='bbox 692 1522 700 1544; x_wconf 90' lang='lat'><strong>:</strong></span> <span class='ocrx_word' id='word_1_231' title='bbox 717 1506 777 1545; x_wconf 92' lang='lat' dir='ltr'>sed</span> <span class='ocrx_word' id='word_1_232' title='bbox 795 1519 924 1544; x_wconf 89' lang='lat' dir='ltr'>tamen</span> <span class='ocrx_word' id='word_1_233' title='bbox 941 1510 1075 1557; x_wconf 85' lang='lat' dir='ltr'>primis</span> <span class='ocrx_word' id='word_1_234' title='bbox 1091 1521 1244 1558; x_wconf 83' lang='lat' dir='ltr'>tempo-</span> 
     </span>
     <span class='ocr_line' id='line_1_28' title="bbox 92 1559 1242 1611; baseline -0.001 -13"><span class='ocrx_word' id='word_1_235' title='bbox 92 1560 194 1598; x_wconf 87' lang='lat' dir='ltr'>ribus</span> <span class='ocrx_word' id='word_1_236' title='bbox 208 1560 447 1611; x_wconf 84' lang='lat' dir='ltr'>aliquamdiu</span> <span class='ocrx_word' id='word_1_237' title='bbox 463 1559 634 1597; x_wconf 80' lang='lat' dir='ltr'>simulata</span> <span class='ocrx_word' id='word_1_238' title='bbox 653 1563 753 1598; x_wconf 85' lang='lat' dir='ltr'>inter</span> <span class='ocrx_word' id='word_1_239' title='bbox 782 1574 846 1598; x_wconf 92' lang='lat' dir='ltr'>eos</span> <span class='ocrx_word' id='word_1_240' title='bbox 869 1564 1043 1598; x_wconf 87' lang='lat' dir='ltr'>amicitia</span> <span class='ocrx_word' id='word_1_241' title='bbox 1073 1562 1210 1600; x_wconf 77' lang='lat' dir='ltr'>mansit</span> <span class='ocrx_word' id='word_1_242' title='bbox 1233 1589 1242 1597; x_wconf 91' lang='lat'>.</span> 
     </span>
     <span class='ocr_line' id='line_1_29' title="bbox 91 1612 1249 1665; baseline 0.001 -13"><span class='ocrx_word' id='word_1_243' title='bbox 91 1613 267 1665; x_wconf 86' lang='lat' dir='ltr'>Cumque</span> <span class='ocrx_word' id='word_1_244' title='bbox 283 1612 394 1651; x_wconf 92' lang='lat' dir='ltr'>Dion</span> <span class='ocrx_word' id='word_1_245' title='bbox 414 1627 490 1650; x_wconf 89' lang='lat' dir='ltr'>non</span> <span class='ocrx_word' id='word_1_246' title='bbox 507 1613 690 1651; x_wconf 74' lang='lat' dir='ltr'>desineret</span> <span class='ocrx_word' id='word_1_247' title='bbox 725 1614 918 1652; x_wconf 84' lang='lat' dir='ltr'>obsecrare</span> <span class='ocrx_word' id='word_1_248' title='bbox 946 1613 1177 1665; x_wconf 71' lang='lat' dir='ltr'>Dionysium</span> <span class='ocrx_word' id='word_1_249' title='bbox 1208 1628 1249 1653; x_wconf 92' lang='lat' dir='ltr'>ut</span> 
     </span>
     <span class='ocr_line' id='line_1_30' title="bbox 92 1667 1248 1718; baseline 0.001 -13"><span class='ocrx_word' id='word_1_250' title='bbox 92 1667 292 1706; x_wconf 87' lang='lat' dir='ltr'>Platonem</span> <span class='ocrx_word' id='word_1_251' title='bbox 310 1667 477 1704; x_wconf 87' lang='lat' dir='ltr'>Athenis</span> <span class='ocrx_word' id='word_1_252' title='bbox 492 1667 705 1714; x_wconf 70' lang='lat' dir='ltr'>arcesseret,</span> <span class='ocrx_word' id='word_1_253' title='bbox 723 1669 760 1705; x_wconf 72' lang='grc' dir='ltr'>ὅ(</span> <span class='ocrx_word' id='word_1_254' title='bbox 775 1669 854 1718; x_wconf 85' lang='lat' dir='ltr'>ejus</span> <span class='ocrx_word' id='word_1_255' title='bbox 871 1668 1038 1707; x_wconf 79' lang='lat' dir='ltr'>consiliis</span> <span class='ocrx_word' id='word_1_256' title='bbox 1052 1681 1222 1706; x_wconf 87' lang='lat' dir='ltr'>uteretur</span> <span class='ocrx_word' id='word_1_257' title='bbox 1236 1683 1248 1714; x_wconf 90' lang='lat'>;</span> 
     </span>
     <span class='ocr_line' id='line_1_31' title="bbox 95 1721 1248 1773; baseline 0.001 -14"><span class='ocrx_word' id='word_1_258' title='bbox 95 1721 163 1759; x_wconf 86' lang='lat' dir='ltr'>ille</span> <span class='ocrx_word' id='word_1_259' title='bbox 177 1744 191 1767; x_wconf 85' lang='lat'>,</span> <span class='ocrx_word' id='word_1_260' title='bbox 221 1723 285 1773; x_wconf 90' lang='lat' dir='ltr'>qui</span> <span class='ocrx_word' id='word_1_261' title='bbox 303 1723 341 1757; x_wconf 92' lang='lat' dir='ltr'>in</span> <span class='ocrx_word' id='word_1_262' title='bbox 358 1721 488 1772; x_wconf 89' lang='lat' dir='ltr'>aliqua</span> <span class='ocrx_word' id='word_1_263' title='bbox 506 1735 544 1758; x_wconf 90' lang='lat' dir='ltr'>re</span> <span class='ocrx_word' id='word_1_264' title='bbox 560 1722 680 1759; x_wconf 90' lang='lat' dir='ltr'>vellet</span> <span class='ocrx_word' id='word_1_265' title='bbox 697 1735 843 1772; x_wconf 87' lang='lat' dir='ltr'>patrem</span> <span class='ocrx_word' id='word_1_266' title='bbox 862 1724 1035 1768; x_wconf 83' lang='lat' dir='ltr'>imitari,</span> <span class='ocrx_word' id='word_1_267' title='bbox 1050 1737 1196 1760; x_wconf 84' lang='lat' dir='ltr'>morem</span> <span class='ocrx_word' id='word_1_268' title='bbox 1213 1726 1248 1760; x_wconf 89' lang='lat' dir='ltr'>ei</span> 
     </span>
     <span class='ocr_line' id='line_1_32' title="bbox 94 1774 1249 1827; baseline 0.002 -15"><span class='ocrx_word' id='word_1_269' title='bbox 94 1774 196 1827; x_wconf 83' lang='lat' dir='ltr'>geffit</span> <span class='ocrx_word' id='word_1_270' title='bbox 212 1802 222 1810; x_wconf 89' lang='lat'>.</span> <span class='ocrx_word' id='word_1_271' title='bbox 251 1775 460 1826; x_wconf 87' lang='lat' dir='ltr'>eodemque</span> <span class='ocrx_word' id='word_1_272' title='bbox 475 1787 647 1825; x_wconf 85' lang='lat' dir='ltr'>tempore</span> <span class='ocrx_word' id='word_1_273' title='bbox 680 1774 884 1812; x_wconf 82' lang='lat' dir='ltr'>Philistum</span> <span class='ocrx_word' id='word_1_274' title='bbox 899 1774 1118 1814; x_wconf 90' lang='lat' dir='ltr'>historicum</span> <span class='ocrx_word' id='word_1_275' title='bbox 1135 1777 1249 1826; x_wconf 75' lang='lat' dir='ltr'>Syra-</span> 
     </span>
     <span class='ocr_line' id='line_1_33' title="bbox 94 1827 1246 1882; baseline 0.001 -16"><span class='ocrx_word' id='word_1_276' title='bbox 94 1827 198 1866; x_wconf 83' lang='lat' dir='ltr'>cusas</span> <span class='ocrx_word' id='word_1_277' title='bbox 215 1828 365 1866; x_wconf 80' lang='lat' dir='ltr'>reduxit</span> <span class='ocrx_word' id='word_1_278' title='bbox 383 1852 396 1873; x_wconf 85' lang='lat'><strong>‚</strong></span> <span class='ocrx_word' id='word_1_279' title='bbox 425 1829 620 1866; x_wconf 87' lang='lat' dir='ltr'>hominem</span> <span class='ocrx_word' id='word_1_280' title='bbox 636 1832 804 1866; x_wconf 88' lang='lat' dir='ltr'>amicum</span> <span class='ocrx_word' id='word_1_281' title='bbox 833 1843 910 1867; x_wconf 92' lang='lat' dir='ltr'>non</span> <span class='ocrx_word' id='word_1_282' title='bbox 928 1833 1051 1882; x_wconf 83' lang='lat' dir='ltr'>magis</span> <span class='ocrx_word' id='word_1_283' title='bbox 1079 1843 1246 1880; x_wconf 80' lang='lat' dir='ltr'>tyranno</span> 
     </span>
     <span class='ocr_line' id='line_1_34' title="bbox 96 1882 1246 1935; baseline 0.003 -17"><span class='ocrx_word' id='word_1_284' title='bbox 96 1895 207 1932; x_wconf 87' lang='lat' dir='ltr'>quam</span> <span class='ocrx_word' id='word_1_285' title='bbox 223 1882 421 1931; x_wconf 88' lang='lat' dir='ltr'>tyrannidi</span> <span class='ocrx_word' id='word_1_286' title='bbox 438 1913 448 1922; x_wconf 89' lang='lat'><em>.</em></span> <span class='ocrx_word' id='word_1_287' title='bbox 468 1883 537 1919; x_wconf 90' lang='lat' dir='ltr'>Sed</span> <span class='ocrx_word' id='word_1_288' title='bbox 555 1883 600 1920; x_wconf 88' lang='lat' dir='ltr'>de</span> <span class='ocrx_word' id='word_1_289' title='bbox 618 1883 686 1920; x_wconf 90' lang='lat' dir='ltr'>hoc</span> <span class='ocrx_word' id='word_1_290' title='bbox 703 1886 741 1920; x_wconf 89' lang='lat' dir='ltr'>in</span> <span class='ocrx_word' id='word_1_291' title='bbox 757 1897 802 1920; x_wconf 88' lang='lat' dir='ltr'>eo</span> <span class='ocrx_word' id='word_1_292' title='bbox 817 1897 902 1920; x_wconf 88' lang='lat' dir='ltr'>meo</span> <span class='ocrx_word' id='word_1_293' title='bbox 919 1883 1021 1921; x_wconf 83' lang='lat' dir='ltr'>libro</span> <span class='ocrx_word' id='word_1_294' title='bbox 1034 1885 1142 1935; x_wconf 88' lang='lat' dir='ltr'>plura</span> <span class='ocrx_word' id='word_1_295' title='bbox 1160 1883 1246 1921; x_wconf 90' lang='lat' dir='ltr'>sunt</span> 
     </span>
     <span class='ocr_line' id='line_1_35' title="bbox 92 1933 1245 1987; baseline 0.002 -15"><span class='ocrx_word' id='word_1_296' title='bbox 92 1935 258 1985; x_wconf 81' lang='lat' dir='ltr'>exposita</span> <span class='ocrx_word' id='word_1_297' title='bbox 274 1938 339 1987; x_wconf 89' lang='lat' dir='ltr'>qui</span> <span class='ocrx_word' id='word_1_298' title='bbox 369 1933 412 1972; x_wconf 80' lang='lat' dir='ltr'>de</span> <span class='ocrx_word' id='word_1_299' title='bbox 425 1935 601 1983; x_wconf 66' lang='lat' dir='ltr'>historicis</span> <span class='ocrx_word' id='word_1_300' title='bbox 619 1935 855 1986; x_wconf 83' lang='lat' dir='ltr'>conscriptus</span> <span class='ocrx_word' id='word_1_301' title='bbox 882 1936 933 1974; x_wconf 89' lang='lat' dir='ltr'>est</span> <span class='ocrx_word' id='word_1_302' title='bbox 950 1965 958 1973; x_wconf 94' lang='lat'>.</span> <span class='ocrx_word' id='word_1_303' title='bbox 989 1937 1103 1975; x_wconf 87' lang='lat' dir='ltr'>Plato</span> <span class='ocrx_word' id='word_1_304' title='bbox 1118 1950 1245 1975; x_wconf 83' lang='lat' dir='ltr'>autem</span> 
     </span>
     <span class='ocr_line' id='line_1_36' title="bbox 94 1988 1250 2042; baseline 0.003 -17"><span class='ocrx_word' id='word_1_305' title='bbox 94 1999 245 2026; x_wconf 79' lang='lat' dir='ltr'>tantum</span> <span class='ocrx_word' id='word_1_306' title='bbox 262 1990 361 2040; x_wconf 85' lang='lat' dir='ltr'>apud</span> <span class='ocrx_word' id='word_1_307' title='bbox 382 1988 612 2039; x_wconf 76' lang='lat' dir='ltr'>Dionyfium</span> <span class='ocrx_word' id='word_1_308' title='bbox 629 1990 857 2027; x_wconf 65' lang='lat' dir='ltr'>auetoritate</span> <span class='ocrx_word' id='word_1_309' title='bbox 872 1992 1000 2040; x_wconf 89' lang='lat' dir='ltr'>potuit</span> <span class='ocrx_word' id='word_1_310' title='bbox 1017 2016 1030 2038; x_wconf 86' lang='lat'>‚</span> <span class='ocrx_word' id='word_1_311' title='bbox 1047 1993 1250 2042; x_wconf 89' lang='lat' dir='ltr'>valuitque</span> 
     </span>
     <span class='ocr_line' id='line_1_37' title="bbox 96 2042 1252 2094; baseline 0.001 -14"><span class='ocrx_word' id='word_1_312' title='bbox 96 2042 313 2094; x_wconf 73' lang='lat' dir='ltr'>eloquentia</span> <span class='ocrx_word' id='word_1_313' title='bbox 330 2067 344 2090; x_wconf 85' lang='lat'>‚</span> <span class='ocrx_word' id='word_1_314' title='bbox 373 2056 415 2082; x_wconf 89' lang='lat' dir='ltr'>ut</span> <span class='ocrx_word' id='word_1_315' title='bbox 430 2042 652 2094; x_wconf 80' lang='lat' dir='ltr'>persuaserit</span> <span class='ocrx_word' id='word_1_316' title='bbox 668 2069 681 2091; x_wconf 85' lang='lat'>‚</span> <span class='ocrx_word' id='word_1_317' title='bbox 711 2046 929 2093; x_wconf 82' lang='lat' dir='ltr'>tyrannidis</span> <span class='ocrx_word' id='word_1_318' title='bbox 957 2043 1082 2085; x_wconf 80' lang='lat' dir='ltr'>facere</span> <span class='ocrx_word' id='word_1_319' title='bbox 1105 2045 1219 2082; x_wconf 82' lang='lat' dir='ltr'>finem</span> <span class='ocrx_word' id='word_1_320' title='bbox 1237 2067 1252 2092; x_wconf 85' lang='lat'>,</span> 
     </span>
     <span class='ocr_line' id='line_1_38' title="bbox 1087 2100 1203 2137; baseline -0.009 -1"><span class='ocrx_word' id='word_1_321' title='bbox 1087 2100 1203 2137; x_wconf 74' lang='lat' dir='ltr'>libcr-</span> 
     </span>
    </p>
   </div>
  </div>
 </body>
</html>
