1714 2719
373 162 984 204 TESTIMONIA.
1163 168 1203 203 xi

87 247 197 286 fuisse
228 244 379 284 scribit.
414 244 480 282 Ad
511 244 611 281 hunc
638 239 823 280 Catullus
854 255 948 292 opus
983 241 1088 280 suum
1120 242 1253 289 misit,

87 314 282 352 tamquam
309 301 431 337 civem
451 297 554 334 suum
578 313 584 334 :
617 299 711 349 Qvi
726 295 813 332 dono
829 294 980 344 lepidum
1009 309 1137 332 novum
1157 296 1255 333 libel-

87 355 160 391 lum
190 378 203 399 ,
232 350 352 390 Arida
380 350 478 388 modo
504 353 640 399 pumice
667 349 859 399 expolitum
887 374 899 395 ,
928 348 1069 386 Corneli
1101 347 1122 386 ,2
1152 351 1253 396 tibi3

88 410 158 446 &c-
176 406 309 445 Hicin
326 406 417 443 urbe
433 429 447 451 ,
475 404 674 442 Ciceronis
704 405 739 440 ὃ(
755 402 914 441 Caesaris
931 415 1104 453 tempore
1130 407 1253 451 vixit,

90 465 339 513 pervenitque
370 458 485 509 usque
514 460 560 495 ad
587 456 751 508 Augusti
782 460 1041 509 principatum
1061 485 1068 492 .
1101 458 1255 508 Scripsit

88 513 324 552 disertissime
342 513 545 550 illustrium
566 515 732 549 virorum
752 515 853 548 vitas
871 538 878 546 .
909 513 1082 570 Qarum
1103 523 1253 548 tantum

89 568 296 619 Pomponii
316 567 445 605 Attici
478 566 599 603 exstat
621 579 632 609 3
663 578 741 616 quae
758 577 968 602 ceterarum
1001 563 1118 602 facilc
1137 565 1257 616 speci-

86 635 173 659 men
206 620 328 672 potcst
359 620 528 657 indicare
546 646 554 654 .
597 619 690 662 Eius
722 617 927 655 illustrium
961 621 1128 655 virorum
1165 619 1255 656 libri

89 673 206 712 XVI.
221 678 389 712 citantur
404 687 424 711 a
442 673 614 711 Charisio
629 671 927 709 Grammatico.
960 672 1112 724 Scripsit
1146 687 1256 711 accu-

86 727 268 766 ratiffime
284 742 409 766 rerum
427 726 699 765 Romanarum
715 726 923 764 chronicon
942 749 954 771 ‚
995 728 1057 764 vel
1077 727 1122 763 de
1159 739 1257 764 tcm-

88 781 243 834 poribus
260 782 399 819 librum
419 805 431 825 ,
463 784 500 817 in
518 794 593 832 quo
610 780 718 817 brevi
734 781 995 830 explicatione
1025 783 1151 817 omnis
1187 784 1256 818 aevi

88 838 294 873 memorias
311 834 534 885 complexus
565 832 616 871 est
635 849 642 870 :
670 833 771 885 quod
788 847 807 870 a
826 834 961 871 Solino
989 836 1131 871 citatur
1152 861 1160 869 .
1192 833 1256 872 De

89 903 133 927 eo
150 888 308 926 subinde
337 888 445 939 supra
465 887 614 937 scriptis
633 887 797 924 versibus
826 890 1005 924 meminit
1036 887 1221 925 Catullus
1240 918 1249 927 .

87 941 423 979 circumferuntur
439 941 621 990 periochae
639 939 704 976 sub
721 942 800 990 ejus
817 943 975 977 nomine
993 941 1132 978 excusae
1146 965 1158 987 ‚
1172 940 1258 978 Da-

88 996 179 1031 retis
207 993 363 1045 Phrygii
380 994 426 1030 de
460 993 562 1030 bello
583 991 776 1043 Trojano,
813 1004 894 1029 tum
913 992 1038 1030 soluto
1056 993 1226 1031 sermone
1247 1018 1260 1039 ‚

89 1060 173 1085 tum
203 1051 372 1085 carmine
404 1046 556 1083 heroico
587 1046 717 1082 latinae
748 1044 854 1083 1⁶2&ae
882 1073 890 1082 .
928 1047 1106 1098 quodque
1141 1047 1259 1085 fuerit

92 1107 205 1152 po‘e'ta
223 1100 383 1138 testatur
410 1099 560 1137 Plinius
588 1098 723 1149 Junior
752 1098 872 1149 Epist.
890 1098 962 1136 111.
996 1101 1066 1138 lib.
1087 1099 1134 1137 V.
1167 1104 1262 1138 item

95 1155 272 1206 periocha
291 1153 360 1191 VI.
380 1154 565 1192 librorum
598 1151 758 1191 Daretis
775 1153 945 1191 sermone
974 1153 1100 1192 soluto
1126 1156 1260 1192 eodem

92 1209 292 1246 volumine
309 1206 482 1258 impressa
501 1234 510 1242 .
542 1206 599 1244 At
618 1220 720 1245 certe
742 1220 821 1258 quae
838 1207 1004 1245 verslbus
1025 1221 1229 1246 exarantur
1248 1234 1260 1255 ,

92 1260 383 1313 imposturarum
399 1261 512 1312 plena
531 1287 541 1296 .
566 1260 725 1298 Mentio
741 1263 884 1298 etenim
902 1275 947 1298 eo
962 1261 1105 1299 libello
1120 1263 1167 1300 de
1183 1265 1256 1299 im-

94 1328 267 1366 peratore
283 1314 440 1352 Nerone
455 1314 615 1353 habetur
631 1340 640 1350 .
658 1313 713 1352 Et
727 1320 845 1364 Nepos
862 1314 1170 1368 adhucAugusto
1191 1320 1264 1354 im-

97 1382 256 1420 perante
273 1368 422 1406 deceffit
440 1400 449 1409 .
972 1384 975 1387 ·

297 1479 428 1512 Petrus
457 1478 633 1513 Nunnius
660 1474 703 1512 de
730 1474 841 1512 claris
868 1475 1044 1513 Corneliis
1061 1504 1071 1513 .

150 1583 334 1620 Cornelius
351 1591 466 1632 Nepos
482 1597 596 1636 quam
627 1583 783 1636 elegans
813 1583 857 1621 srt
888 1582 1050 1635 scriptor
1064 1608 1077 1630 ‚
1107 1598 1153 1622 ex
1184 1589 1266 1626 vita

102 1636 308 1688 Pomponii
326 1638 452 1675 Attici
468 1637 692 1689 cognoscere
713 1637 803 1675 licet
822 1666 831 1673 .
863 1636 999 1675 Dietio
1033 1651 1135 1676 certe
1151 1655 1271 1679 venu-

104 1689 255 1728 ssiffima
273 1692 308 1727 ὅ(
325 1691 618 1741 simpliciffima3
637 1694 676 1728 in
693 1691 930 1743 disponendo
946 1692 1046 1729 nihil
1073 1693 1146 1732 illo
1162 1709 1272 1732 accu-

103 1747 224 1782 ratius
240 1768 253 1790 ,
283 1749 322 1781 in
341 1744 415 1782 fide
431 1745 530 1782 nihil
547 1744 711 1783 sanssius
730 1772 740 1781 .

235 1850 385 1891 obertus
418 1851 596 1900 Gifizm'us
623 1852 867 1889 conleblaneis
906 1856 1138 1891 Lucretianis

528 1909 568 1942 in
597 1906 814 1945 Refutatus
833 1935 841 1943 .

154 2011 283 2063 Cupio
299 2013 530 2065 puriffimum
549 2014 662 2051 illum
686 2013 908 2065 scriptorem
940 2016 1153 2067 aliquando
1169 2017 1279 2055 casti-

103 2069 290 2118 gatiorem
307 2068 446 2115 edere3
477 2081 589 2120 quem
622 2080 705 2107 tum
721 2069 943 2109 docebimus
973 2069 1047 2110 effe
1073 2071 1276 2109 cornelium

1105 2130 1226 2176 Nepo-
