1714 2719
281 149 873 198 ALCIBIADES.
947 149 1064 188 vll.
1154 162 1197 200 35

79 234 167 271 dum
186 245 269 270 cum
288 229 529 268 Pharnabazo
546 257 554 265 .
587 227 690 265 Huic
709 242 797 280 ergo
822 232 1014 266 renuntiat
1034 253 1046 274 ‚
1077 244 1154 282 qua:
1187 244 1244 268 re-

77 290 116 338 gi
133 301 217 323 rum
239 285 534 322 Lacedaemoniis
563 282 679 320 effcnt
701 296 712 325 ς
744 281 809 318 nili
830 280 1074 321 Alcibiadem
1104 289 1237 321 vivum

78 351 349 377 autmortuum
379 335 593 374 tradidisset
610 363 618 370 .
652 335 741 372 Non
760 335 851 372 tulit
885 336 954 372 hoc
978 335 1144 388 {Eutrapes
1161 362 1174 384 ‚
1204 340 1241 373 ὅ(

81 393 225 431 violare
239 393 484 430 clementiam
503 413 516 433 5
547 403 659 441 quam
680 392 776 440 tegis
794 402 883 438 opes
899 392 1020 426 minui
1038 415 1049 434 ‚
1068 392 1207 428 maluit
1227 418 1235 426 .

79 446 212 498 ltaque
227 444 326 483 misit
343 443 598 494 Sysamithren
617 444 652 480 ὃ(
671 442 834 493 Bagoam
852 443 897 479 ad
911 443 1159 481 Alcibiadem
1181 447 1242 480 in-

77 499 337 538 terficiendum
356 522 369 544 ,
398 511 482 535 cum
515 497 582 534 ille
599 495 688 534 esset
723 501 760 533 iu
799 495 960 547 Phrygia
981 521 994 541 ‚
1025 500 1172 548 iterque
1188 498 1236 534 ad

79 565 200 604 regem
218 562 475 602 compararet.
508 551 639 595 Miffi,
670 551 768 588 clam
787 552 983 587 vicinitati
1003 553 1040 587 in
1064 565 1134 602 qua
1155 564 1238 588 tum

73 604 300 644 Alcibiades
316 617 396 642 crat
414 629 427 650 ,
456 605 549 642 dant
581 607 777 655 negotium
796 617 835 641 ut
854 617 940 640 eum
972 605 1208 642 interficiant
1226 631 1235 640 .

74 657 141 695 Illi
159 672 242 696 cum
259 673 344 696 eum
362 657 461 696 ferro
481 658 634 709 aggredi
653 671 727 694 non
744 657 926 694 auderent
944 681 957 701 ‚
987 657 1100 695 ιιοόῖιι
1131 659 1238 710 ligna

74 712 321 749 contulerunt
350 714 446 749 circa
479 711 721 748 stramineum
751 709 874 748 casam
910 734 924 755 ι,
955 713 991 746 in
1024 725 1096 762 qua
1129 715 1240 763 quie-

74 764 200 803 scebat
217 788 230 811 ,
247 779 405 816 eamque
422 764 695 802 succenderunt
707 788 720 806 ι,
752 776 793 801 ut
813 765 990 802 incendio
1006 765 1239 802 conficerent

76 832 187 870 quem
205 832 318 855 manu
336 817 500 868 superari
533 817 632 868 posse
648 817 870 855 diffidebant
888 845 896 853 .
928 816 1002 854 Ille
1031 831 1159 855 autem
1179 818 1238 855 so-

72 875 157 908 nitu
175 872 329 908 flamna
346 875 535 908 excitatus
552 895 564 915 3
584 872 683 921 quod
700 871 851 922 gladius
867 874 900 907 ei
919 882 999 907 erat
1018 870 1238 917 suffindas,

70 922 276 960 familiaris
300 922 354 960 sui
386 922 556 961 subalare
589 924 709 960 telum
740 926 882 973 eripuit
902 952 909 959 .
942 923 1121 975 Namque
1153 937 1236 962 erat

71 989 157 1013 cum
175 989 219 1012 eo
237 977 392 1026 quidam
423 989 467 1013 ex
485 975 652 1013 Arcadia
672 975 805 1025 hospes
821 999 833 1020 ‚
863 979 929 1026 qui
948 991 1156 1030 numquam
1174 979 1236 1015 di-

70 1027 216 1066 scedere
246 1030 420 1066 voluerat
438 1056 445 1063 .
478 1029 576 1066 hunc
593 1029 697 1080 sequi
729 1029 764 1066 se
787 1029 893 1079 jubet
911 1053 924 1075 ,
953 1031 988 1066 ὃ(
1007 1031 1044 1067 id
1062 1032 1162 1082 quod
1194 1035 1235 1068 in

69 1080 259 1133 praesentia
279 1081 590 1120 vestimentorum
608 1081 684 1120 fuit
697 1106 710 1128 ,
728 1085 891 1132 arripuit
909 1110 917 1119 .
949 1081 1026 1121 His
1045 1087 1083 1121 in
1102 1088 1231 1136 ignem

69 1133 196 1185 ejeRis
213 1136 370 1172 flammae
388 1139 466 1173 vim
497 1135 645 1174 transiit
663 1164 672 1171 .
703 1139 829 1197 Qem
851 1150 891 1174 ut
924 1136 1071 1174 barbari
1103 1141 1234 1176 incen-

68 1187 170 1225 dium
187 1188 355 1240 effugilse
371 1193 519 1227 eminus
538 1190 716 1227 viderunt
733 1214 745 1234 ,
775 1190 865 1226 telis
894 1190 1010 1226 millis
1028 1191 1232 1229 interfece-

67 1253 154 1278 runt
170 1265 183 1286 ,
213 1254 402 1293 caputque
417 1244 496 1294 ejus
513 1243 559 1279 ad
593 1242 880 1280 Pharnabazum
901 1243 1114 1281 retulerunt
1132 1272 1141 1280 .
1171 1246 1233 1282 At

68 1294 206 1331 mulier
221 1309 300 1346 qua:
316 1309 400 1332 cum
431 1311 476 1333 eo
493 1299 624 1334 vivere
648 1295 896 1334 consueverat
913 1321 926 1342 ‚
957 1297 1138 1336 muliebri
1167 1298 1231 1335 sua

67 1345 165 1386 veste
179 1347 396 1386 conteaum
413 1373 426 1395 ‚
443 1349 592 1388 aedificii
610 1350 789 1387 incendio
805 1362 996 1387 mortuum
1014 1355 1202 1390 cremavit
1216 1375 1231 1398 ‚

93 1400 163 1438 nod
190 1403 237 1439 ad
256 1406 387 1440 vivum
419 1403 718 1441 interimendum
737 1416 815 1440 erat
846 1417 1135 1455 comparatum.
1167 1406 1229 1442 Sic

108 1454 289 1493 lcibiades
318 1469 440 1494 annos
466 1460 621 1495 circiter
658 1457 912 1509 quadraginta
943 1470 1055 1496 natus
1080 1482 1094 1505 ,
1124 1459 1228 1496 diem

63 1507 159 1546 obiit
176 1508 389 1560 supremum
405 1538 414 1548 .

117 1559 190 1599 XI.
221 1561 340 1601 Hunc
356 1563 587 1602 infamatum
604 1578 624 1602 a
642 1564 833 1617 plerisque
848 1577 925 1602 tres
942 1564 1150 1616 gravissimi
1166 1566 1229 1603 hi-

63 1612 188 1654 storici
209 1615 364 1654 summis
381 1618 557 1656 laudibus
574 1619 794 1656 extulerunt
813 1634 820 1655 :
853 1618 1101 1668 Thucydides
1117 1643 1131 1665 5
1156 1623 1223 1662 qui

63 1667 226 1719 ejusdem
243 1673 366 1708 aetatis
383 1670 483 1709 suit:
516 1671 819 1723 Theopompus,
850 1671 1006 1723 quisuit
1039 1672 1121 1724 post
1149 1674 1226 1709 ali-

65 1733 206 1773 quanto
233 1737 371 1761 natus:
402 1727 438 1761 &
457 1724 622 1763 Timaeus
639 1753 647 1762 .
677 1728 757 1789 Qi
783 1727 938 1777 quidem
967 1727 1042 1764 duc
1059 1726 1225 1764 maledi-

65 1777 261 1814 tentiffimi
274 1802 286 1822 ‚
305 1777 430 1816 nescio
447 1793 521 1830 quo
537 1781 668 1825 modo,
686 1784 723 1817 in
743 1780 814 1816 illo
831 1795 906 1817 uno
923 1779 1116 1818 laudando
1131 1794 1226 1817 con-

65 1826 256 1868 senserunt
273 1859 280 1866 .
298 1845 463 1883 namque
479 1847 518 1871 ea
539 1847 617 1885 quae
634 1832 742 1885 supra
760 1834 928 1871 diximus
940 1857 953 1879 ,
970 1835 1016 1871 de
1028 1849 1072 1872 eo
1089 1835 1224 1884 praedi-

62 1893 194 1921 earunt
211 1908 224 1928 ‚
240 1897 354 1936 atque
371 1886 440 1924 hoc
455 1888 649 1937 amplius:
679 1901 763 1925 cum
783 1886 950 1925 Athenis
966 1887 1222 1938 splendidiffi-

61 1947 122 1972 ma
138 1940 298 1975 civitate
314 1951 426 1977 natus
442 1939 532 1978 esset
550 1965 563 1985 ‚
592 1955 723 1979 omues
754 1939 953 1992 splendore
968 1955 1011 1978 ac
1027 1943 1220 1993 dignitate

62 1991 149 2026 vitae
165 1989 348 2041 superasse
364 2021 372 2028 .
404 1992 606 2046 Postquam
626 1995 714 2032 inde
729 1995 907 2045 expulsus
927 1994 1078 2033 Thebas
1104 2009 1223 2032 vene-

64 2044 113 2083 rit
129 2067 143 2090 ‚
170 2045 264 2083 adeo
280 2045 413 2085 studiis
428 2062 557 2086 eorum
574 2048 769 2088 inservisse
786 2072 798 2094 ‚
825 2062 865 2086 ut
883 2063 994 2086 nemo
1009 2063 1093 2086 eum
1113 2048 1225 2085 labo-‹-

756 2100 791 2138 C
850 2117 869 2139 2
1100 2115 1139 2139 re
1155 2126 1169 2148 ,
