1714 2719
371 216 1005 286 INDEX

98 358 384 422 Verborum,
418 356 478 417 &
510 356 746 433 Phr-esium
778 365 990 412 maxime
1022 362 1271 433 insignium

247 451 339 505 ΨΜ
371 435 425 482 in
459 434 805 486 Conxssmo
860 438 1133 490 Nevorn

557 522 798 557 occurrunt
819 548 830 559 .

139 629 248 668 Prior
263 642 442 666 numerus
460 632 639 681 paginam
657 653 670 675 ,
702 628 858 681 sequeus
877 631 1019 669 lineam
1038 632 1196 670 denotat
1217 662 1223 667 .

203 753 296 802 Bff·
308 753 352 790 ab
376 754 563 802 infivlentia
585 755 662 805 glo-

228 811 291 844 riae
308 836 316 844 .
530 813 591 855 76.
617 825 660 858 ¹9

103 861 274 900 Accedere
287 859 338 897 ad
361 864 565 898 amicitiam
592 863 664 900 ali-

156 917 260 962 cujus
279 943 287 950 .
534 930 594 965 79.
620 931 632 953 1
644 929 662 962 ς

99 967 274 1012 „Accedere
303 967 353 1004 ad
378 968 557 1015 confilium
583 998 589 1005 .
625 974 659 1008 6.

162 1036 179 1070 3
189 1035 204 1059 1

107 1074 308 1114 Accelerare
324 1103 332 1111 .
363 1089 404 1111 ne
430 1076 480 1112 ad
509 1075 550 1113 id
575 1077 670 1124 quod

158 1138 292 1165 natura
307 1141 435 1177 cogeret
453 1155 465 1175 ,
496 1132 562 1179 ipse
581 1145 668 1177 quo-

161 1182 300 1230 quefibi
315 1182 523 1219 acceleraret
541 1212 549 1219 .
583 1197 664 1227 124.

166 1250 180 1273 ¹
192 1248 209 1280 5

108 1293 275 1338 Accipere
294 1316 302 1323 .
350 1288 442 1325 orbis
487 1299 664 1326 terrarum

160 1343 318 1380 divitias
347 1346 500 1391 accipere
514 1343 591 1379 nolo
604 1355 667 1394 pro

159 1398 288 1446 patria
303 1399 460 1432 caritate
474 1424 484 1433 .
581 1401 603 1435 6
612 1410 669 1445 5.3

112 1449 300 1489 Accredere
316 1477 326 1486 .
543 1459 602 1496 56.
622 1454 668 1488 28

112 1503 337 1553 Aequiefiere
352 1527 365 1549 ,
391 1517 458 1554 pro
475 1504 578 1542 diem
610 1504 669 1542 su-

166 1572 338 1609 premum
355 1558 461 1594 obire
477 1585 485 1593 .
544 1571 626 1604 107.
646 1572 667 1597 2

114 1617 291 1650 Acroama
311 1636 323 1657 ‚
340 1610 517 1664 :impiabant
531 1640 540 1648 .
563 1614 674 1650 audi-

166 1669 222 1703 tio
243 1690 256 1711 ,
302 1665 363 1702 vel
395 1669 460 1717 qui
489 1667 643 1704 auditur
661 1694 668 1702 .

172 1733 255 1768 1¹9·
278 1731 324 1764 25
363 1756 378 1771 v

119 1773 217 1812 Aila
236 1801 244 1808 .
275 1774 370 1810 litus
386 1800 396 1808 .
576 1776 636 1821 78.
655 1789 675 1822 7

117 1833 263 1867 Acutus
277 1826 327 1863 ad
330 1825 500 1874 fraudem
522 1854 529 1862 .
547 1832 611 1870 46.
632 1842 679 1866 22

118 1879 257 1920 Addere
271 1879 406 1917 multas
421 1894 474 1916 res
501 1894 613 1918 novas
643 1886 681 1919 in

170 1933 324 1971 ediciam
340 1962 348 1970 .
531 1949 614 1984 109.
658 1952 681 1986 9

121 1987 294 2027 Adhibere
321 1986 457 2025 nullam
484 1993 682 2027 memoriam

174 2041 390 2080 contumelia
409 2070 417 2078 .
545 2047 607 2090 67.
643 2058 685 2085 η

717 752 888 790 Adhiberi
904 758 944 792 in
957 759 1173 793 convivium.
1189 772 1246 800 4.1
1258 771 1275 803 ς

717 806 892 852 Adi-‘icere
906 823 999 846 mare
1013 811 1172 857 aliquod.
1191 824 1207 856 5
1218 825 1247 858 3.
1258 823 1276 855 ‘5

722 857 922 908 sfistimare
939 862 1038 899 litem
1056 892 1063 899 .
1176 880 1209 913 9.
1231 878 1276 911 29

719 912 843 962 Alpis?
868 943 876 951 .
922 921 986 967 qui
1018 917 1141 968 Alpes
1175 921 1279 955 inco-

774 968 859 1005 lunt
877 997 884 1004 .
1129 984 1210 1008 100.
1234 984 1275 1018 31

719 1021 1165 1073 Amiculum.palliolum.
1186 1036 1244 1068 25.
1259 1035 1276 1069 5

723 1075 883 1122 Amissus
897 1099 910 1120 ,
927 1089 967 1111 u:
985 1104 993 1111 .
1024 1077 1169 1115 amiffio
1189 1105 1196 1112 .
1221 1091 1278 1125 31.

784 1140 827 1174 35

723 1184 904 1219 Amittere
926 1186 1081 1219 animam
1100 1211 1107 1219 .
1182 1187 1241 1232 69.
1262 1187 1283 1221 6

722 1241 831 1272 Amor
862 1247 1023 1271 venereus
1057 1264 1065 1272 .
1096 1240 1221 1287 turpis
1254 1238 1291 1274 &

775 1286 942 1325 lascivus
958 1316 967 1324 .
1157 1303 1216 1327 21.
1239 1304 1281 1336 17

721 1341 924 1389 Anagnosta
940 1366 954 1388 ,
975 1340 1178 1389 αὶναγνόςκς
1195 1373 1203 1380 -
1235 1345 1292 1382 le-

783 1396 863 1434 &or
878 1422 888 1431 .
1167 1412 1181 1437 1
1192 1411 1248 1447 19.
1268 1410 1289 1434 2

725 1448 932 1486 Anniculus
964 1477 972 1484 .
1020 1454 1132 1489 unius
1161 1454 1253 1488 anni
1278 1479 1287 1488 .

783 1515 865 1540 122.
895 1517 937 1548 ²7

725 1561 832 1593 Anno
862 1568 1017 1593 vertente
1035 1586 1042 1593 .
1083 1562 1175 1596 anni
1206 1558 1289 1609 spa-

782 1614 838 1648 tio
857 1638 864 1645 .
1161 1625 1180 1658 7
1191 1624 1222 1657 5.
1245 1626 1288 1660 33

727 1671 904 1714 Apparere
937 1689 950 1711 ,
979 1679 1048 1715 pro
1088 1678 1219 1715 parere
1249 1681 1292 1704 ac

787 1717 916 1769 praesto
931 1719 1004 1757 esse
1019 1719 1067 1756 ad
1083 1717 1293 1770 obsequen-

787 1774 878 1810 dum
896 1800 904 1808 .
1165 1774 1224 1819 87.
1248 1787 1264 1820 3
1276 1787 1291 1810 1

736 1832 772 1864 A
767 1827 879 1876 spergi
893 1824 1048 1873 infamia
1063 1854 1072 1862 .
1170 1839 1231 1875 29.
1249 1839 1298 1870 24

737 1879 876 1929 Afficla
893 1907 901 1915 .
934 1883 999 1931 qui
1015 1881 1184 1932 aliqu'em
1202 1880 1298 1918 affe-

789 1935 914 1972 &atur
932 1960 940 1969 .
1146 1948 1160 1971 1
1173 1948 1186 1970 ι
1198 1947 1228 1981 3.
1253 1949 1268 1982 3
1280 1949 1295 1982 3

737 1989 847 2037 Astu,
863 1989 942 2026 ὀιςυ.
960 2000 1046 2037 pars
1058 1987 1300 2025 Athenarum

795 2057 814 2081 a
832 2052 943 2093 portu
961 2039 1212 2092 seju11&2,ubi
1234 2057 1301 2080 no·

885 2093 918 2131 L
949 2108 971 2137 4
1193 2095 1251 2132 bi-
