1714 2719
500 173 568 197 112
649 157 1020 197 CORNELII
1062 157 1375 198 NEPOTIS

440 252 520 290 quae
547 240 811 288 antiquitate,
841 239 1108 283 humanitate,
1137 238 1307 274 doctrina
1340 235 1526 286 praestaret
1554 254 1598 278 ο-

440 306 548 329 mnes
566 316 578 337 ‚
608 295 640 328 ei
660 305 753 328 unus
770 303 860 328 ante
878 291 975 328 alios
994 291 1108 328 fuerit
1125 291 1328 328 cariffimus
1346 317 1354 325 .

495 344 566 381 IV.
586 347 675 384 Huc
690 358 733 381 ex
753 343 841 381 Afia
859 344 963 382 Sulla
981 345 1164 381 decedens
1182 358 1264 381 cum
1285 342 1597 393 venisset,quam-

441 398 505 435 diu
525 398 575 435 ibi
594 397 666 435 fuit
685 422 699 443 ,
728 397 849 434 secum
867 398 998 434 habuit
1015 397 1268 447 Pomponium
1287 421 1298 442 ,
1320 408 1451 445 captus
1467 397 1597 434 adole-

440 451 580 488 scentis
599 453 632 487 ὅ(
650 451 887 488 humanitate
905 475 916 495 ,
936 452 970 486 ὃ(
987 450 1156 488 ἀοὲὶῐὶιῑε
1171 478 1179 486 .
1217 452 1276 487 Sic
1292 453 1393 487 enim
1410 463 1523 499 graece
1539 450 1598 486 lo-

438 504 623 555 quebatur
641 528 653 549 ,
683 516 722 541 ut
739 503 906 540 Athenis
939 515 1048 540 natus
1066 505 1257 541 videretur
1273 531 1280 539 .
1317 502 1441 539 Tanta
1470 515 1597 540 autem

438 570 515 594 erat
533 556 697 594 suavitas
716 557 897 593 sermonis
930 556 1042 592 latini
1061 580 1074 601 ,
1101 568 1142 593 ut
1159 569 1353 606 appareret
1370 580 1384 601 ,
1415 558 1452 591 in
1470 569 1512 592 eo
1530 569 1599 592 na-

439 612 563 647 tivum
581 611 780 661 quemdam
810 610 977 660 leporem
1011 609 1082 645 esse
1100 633 1112 653 ‚
1142 623 1214 646 non
1247 609 1432 646 adscitum
1449 636 1456 643 .
1487 607 1594 645 Idem

439 669 614 714 poemata
635 662 905 711 pronuntiabat
923 663 957 697 ὃ(
980 675 1093 711 graece
1123 663 1294 698 &latine
1313 661 1359 698 sic
1375 685 1387 706 ,
1420 675 1459 698 ut
1488 661 1595 711 supra

436 717 535 754 nihil
559 716 678 765 posset
695 742 704 750 .
735 714 884 775 Qibus
918 714 1025 751 rebus
1043 713 1183 750 facitum
1216 713 1266 751 est
1285 738 1297 759 ,
1325 727 1367 750 ut
1385 715 1488 750 Sulla
1506 714 1596 751 nus-

438 783 553 820 quam
571 783 655 805 eum
672 768 718 804 ab
736 767 770 804 se
787 769 1000 804 dimitteret
1018 791 1030 812 ,
1059 778 1284 818 cuperetque
1300 766 1421 803 secum
1440 767 1599 804 deduce-

437 837 479 859 re
495 848 503 857 .
535 824 598 873 qui
616 835 699 858 cum
717 820 936 871 persuadere
950 832 1115 857 tentaret
1134 834 1145 864 ς
1163 819 1253 856 Noli
1277 844 1290 865 ,
1306 832 1362 854 oro
1377 830 1412 855 te
1428 843 1440 864 ‚
1471 822 1599 869 inquit

438 874 670 925 Pomponius
689 898 701 919 ‚
730 874 914 923 advetfum*
923 887 978 908 eos
993 887 1043 908 me
1063 872 1149 909 velle
1177 874 1297 909 ducere
1324 886 1402 908 cum
1417 871 1543 918 quibus
1557 885 1598 907 ne

436 939 559 964 contra
574 938 610 964 te
622 941 720 963 arma
732 926 864 974 ferrem
880 952 893 970 ‚
922 925 1073 962 Italiam
1087 925 1215 972 reliqui
1232 954 1240 961 .
1273 925 1330 963 At
1346 927 1450 962 Sulla
1467 926 1599 963 adole—

437 981 576 1020 scentis
593 982 715 1019 officio
733 981 954 1019 collaudato
971 1004 984 1025 ,
1010 983 1137 1017 omnia
1155 993 1308 1016 munera
1329 983 1363 1016 ei
1380 993 1456 1030 quae
1472 978 1598 1016 Athe-

436 1038 497 1072 nis
514 1047 706 1084 acceperat
725 1058 738 1080 ‚
755 1033 994 1084 proficiscens
1009 1033 1107 1083 juffit
1126 1033 1261 1069 deferri
1278 1059 1286 1068 .
1326 1031 1406 1069 Hic
1422 1032 1595 1081 complu-

435 1101 495 1125 res
511 1101 630 1124 annos
648 1099 817 1123 moratus
834 1111 846 1132 ,
875 1100 960 1122 cum
978 1088 1013 1121 ὃ(
1030 1089 1082 1122 rei
1100 1084 1285 1121 familiari
1303 1096 1453 1121 tantum
1472 1097 1588 1133 operae

437 1141 543 1178 daret
560 1152 744 1191 quantum
763 1153 837 1175 non
857 1139 1065 1188 indiligens
1084 1137 1598 1187 deberet-paterfamilias,&

438 1197 567 1230 omnia
586 1193 727 1243 reliqua
745 1204 913 1242 tempora
932 1203 997 1228 aut
1016 1192 1137 1228 literis
1160 1215 1172 1235 ,
1202 1204 1267 1227 aut
1299 1190 1591 1227 Atheniensium

433 1246 649 1297 reipublicae
666 1247 847 1283 tribueret
869 1269 882 1290 ,
913 1245 1037 1281 nihilo
1068 1247 1193 1280 minus
1210 1246 1342 1280 amicis
1357 1243 1497 1279 urbana
1514 1244 1596 1280 offi-

433 1304 492 1338 cia
511 1298 681 1350 praestitit
698 1327 705 1334 .
737 1298 839 1336 Nam
857 1299 891 1334 ὃ(
908 1299 955 1334 ad
972 1300 1126 1334 comitia
1146 1311 1274 1334 eorum
1293 1298 1503 1334 ventitavit
1521 1320 1533 1341 ,
1559 1298 1597 1333 ὃ(

434 1354 460 1391 fi
480 1367 548 1403 qua
571 1367 628 1389 res
645 1354 766 1403 major
786 1352 867 1389 aeia
886 1351 935 1388 est
955 1375 967 1396 ,
983 1366 1058 1388 non
1075 1349 1197 1387 defuit
1217 1366 1224 1387 :
1254 1350 1344 1387 ficut
1360 1349 1538 1386 Ciceroni
1556 1353 1595 1386 in

433 1406 610 1444 omnibus
633 1408 711 1456 ejus
738 1405 919 1455 periculis
937 1404 1160 1455 singularem
1192 1403 1305 1439 fidem
1322 1403 1504 1452 praebuit:
1535 1406 1597 1440 cui

436 1474 482 1498 ex
507 1461 628 1510 patria
647 1458 811 1509 fugienti
824 1483 836 1503 ,
855 1457 964 1494 LLS.
982 1459 1141 1494 ducenta
1159 1458 1193 1493 ὃ(
1211 1459 1487 1507 quinquaginta
1507 1459 1596 1492 mil-

434 1514 487 1551 lia
504 1513 663 1549 donavit
693 1540 700 1562 :
729 1510 1011 1564 Tranquillatis
1029 1523 1156 1547 autem
1175 1510 1283 1546 rebus
1300 1509 1495 1547 Romanis
1508 1533 1521 1554 ,
1539 1523 1596 1546 re-

434 1568 619 1617 migravit
652 1565 821 1602 Romam
847 1589 859 1609 ,
885 1577 926 1601 ut
956 1566 1090 1612 opinor
1107 1588 1119 1608 ,
1150 1562 1195 1600 L.
1213 1563 1332 1600 Cotta
1361 1565 1396 1599 ὃ(
1430 1562 1476 1600 L.
1499 1562 1597 1600 Tor-

436 1632 554 1670 quato
568 1618 678 1655 Coss.
697 1632 807 1669 quem
824 1618 925 1654 diem
951 1617 999 1655 fic
1029 1616 1202 1654 universa
1224 1619 1362 1654 civitas
1379 1615 1595 1653 Athenien·
1648 1663 1651 1665 -

436 1673 528 1711 sium
546 1671 740 1723 prosecuta
759 1671 809 1708 est
826 1695 838 1718 ‚
856 1683 897 1708 ut
915 1672 1082 1708 lacrimis
1099 1670 1270 1707 desiderii
1285 1669 1407 1706 futuri
1424 1670 1595 1707 dolorem

434 1727 621 1764 indicaret
638 1752 646 1760 .

490 1778 539 1816 V.
571 1777 751 1815 Habebat
767 1778 999 1816 avunculum
1016 1777 1268 1836 QCaeciIium
1287 1801 1299 1821 ‚
1324 1779 1489 1827 equitem
1510 1776 1596 1814 Ro-

434 1846 589 1871 manum
607 1856 620 1878 ,
638 1831 867 1869 familiarem
886 1831 932 1868 L.
953 1830 1108 1868 Lucuili
1126 1855 1137 1876 ‚
1160 1831 1321 1868 divitem
1339 1855 1352 1876 ,
1368 1831 1594 1868 difficillima

435 1898 569 1923 natura
589 1912 596 1920 .
631 1887 734 1935 cujus
753 1885 798 1922 sic
814 1885 1056 1935 asperitatem
1077 1887 1220 1922 veritus
1236 1883 1286 1921 est
1300 1907 1312 1929 ‚
1342 1896 1383 1920 ut
1404 1897 1513 1935 quem
1530 1897 1594 1920 ne-

434 1954 498 1977 mo
516 1938 609 1976 ferre
629 1938 765 1989 posset,
786 1939 894 1990 hujus
914 1939 987 1975 fine
1003 1938 1204 1976 offensione
1218 1938 1266 1974 ad
1296 1936 1478 1974 summam
1493 1936 1594 1974 sene-

437 1992 577 2030 &utem
597 1995 796 2029 retinuerit
814 1992 1123 2029 benevolentiam
1141 2019 1148 2026 .
1180 1992 1270 2050 Qio
1287 1989 1388 2028 faeta
1404 1991 1493 2027 tulit
1511 1992 1591 2040 pie-

435 2049 527 2085 tatis
556 2044 720 2084 frugium
747 2072 757 2081 .
785 2045 964 2083 Caecilius
996 2049 1098 2084 enim
1128 2051 1294 2083 moriens
1327 2068 1340 2092 >
1369 2043 1590 2082 testamento

1450 2097 1540 2134 ado-
