1714 2719
353 143 970 185 TEST1MON1A.
1110 147 1206 184 xxix

84 229 222 264 Dione:
256 232 354 266 Nam
379 225 421 263 de
439 225 616 272 Philyra,
649 228 775 276 inquit
793 250 806 270 ,
835 227 874 261 in
887 238 1008 260 comeo
1037 224 1124 261 libro
1149 226 1257 274 plura

73 280 162 331 fiant
178 282 326 330 expofiu
341 279 458 327 quide
474 279 668 326 Historia-is
686 283 822 316 (ἔν-ιη’]
838 278 1047 327 consiriptm
1065 278 1111 325 est
1128 307 1136 315 .

141 332 208 372 Vl.
242 334 469 386 Fragmenta
487 336 640 383 Nepotis
655 333 703 371 ab
720 332 866 370 Andrea
881 330 1028 368 schotto
1044 333 1255 385 diligenter

86 387 378 439 tollestaatque
396 388 483 426 inde
500 391 535 425 in
556 386 746 439 plerisque
760 385 917 424 Cornelii
933 386 1167 424 editionibus
1195 399 1255 424 re-

86 440 170 480 cusa
189 441 273 479 sunt
290 466 302 487 ‚
319 442 455 493 quibus
473 441 724 492 subjiciuntur
739 443 855 479 etiam
873 455 894 478 e
912 442 1033 477 veteri
1051 439 1151 478 libro
1170 439 1256 477 Ab-

87 495 199 534 batiae
215 493 413 533 Faesulanae
429 496 464 532 ὅ(
480 496 604 533 altero
621 494 846 534 Britannico
862 493 949 531 MS.
968 507 1035 544 per
1052 492 1148 531 Ant.
1168 492 1255 530 Au-

85 547 275 601 gustinum
293 550 327 586 &
342 549 418 599 Jac.
431 549 672 602 Bongarsium
692 548 906 587 A-Schotto
924 545 1254 595 transmissafiag-

84 614 201 639 menta
215 602 284 640 duo
297 617 336 639 ex
367 602 522 652 Epistola
539 627 569 649 ‚‚
584 601 912 642 CORNELIAE
929 626 959 648 „
991 600 1200 639 virtutibus
1217 602 1255 638 &

85 656 305 707 eloquentia
332 657 538 695 clariffimae
556 657 704 695 feminae
722 682 736 703 ,
765 671 843 708 quae
861 657 1051 706 Scipionis
1068 654 1251 693 Africani

84 708 166 746 filia
183 734 197 755 ,
218 710 363 748 Tiberii
378 710 545 749 Gracchi
562 710 743 749 Censoris
758 725 853 748 uxor
870 735 882 757 ‚
912 708 1144 747 Gracchorum
1162 722 1252 746 vero

88 761 236 801 Tiberii
253 765 288 801 ὃ(
304 764 391 815 Caji
410 788 422 810 ‚
439 779 483 802 ac
498 766 626 803 decem
658 777 834 815 praeterea
860 764 1067 802 liberorum
1084 786 1098 808 ,
1127 776 1252 800 mater

86 816 161 854 fuit
179 844 187 852 .
219 818 366 868 Scripta
389 817 438 856 est
455 819 502 856 ad
532 819 579 857 C.
596 818 814 857 Gracchum
834 818 958 856 filium
978 842 991 864 ,
1020 830 1060 855 ut
1077 831 1163 854 eum
1187 817 1254 854 de-

86 882 242 908 terreret
270 884 290 908 a
322 871 540 921 capessenda
574 887 652 923 rep.
670 874 706 909 δε
733 873 963 911 vindicanda
995 885 1086 909 nece
1117 869 1252 908 fratris

88 922 350 961 Tib-Gracchi
368 948 381 970 ‚
411 924 503 962 licet
520 924 599 975 ipse
615 939 765 976 quoque
779 926 918 963 deinde
935 924 1052 962 fratre
1069 949 1082 970 ,
1100 927 1164 975 qui
1181 937 1252 960 an-

83 987 122 1013 te
138 976 367 1027 trigesimum
385 980 507 1014 aetatis
524 991 667 1015 annum
685 979 933 1016 obtruncatus
949 978 1091 1024 fuerat,
1108 991 1249 1014 novem

83 1032 193 1067 annis
211 1032 337 1067 minor
354 1029 501 1068 somnio
516 1034 687 1069 monitus
702 1046 780 1069 rem
797 1031 903 1084 geffit
921 1031 1092 1083 negleEia
1111 1033 1250 1068 matris

83 1096 296 1133 opportuna
316 1084 761 1136 dehortatione,postque
775 1085 1015 1123 tribunatum
1032 1083 1176 1123 occisus
1193 1082 1247 1121 est

83 1134 203 1174 Anno
219 1135 268 1174 V.
286 1137 333 1176 C.
353 1141 441 1185 633.
459 1150 550 1176 ante
564 1137 872 1178 CHRISTUM
888 1138 1043 1178 CXXI.
1062 1138 1249 1176 Cornelia

84 1190 153 1227 illa
172 1191 310 1228 maluit
323 1192 436 1230 vidua
455 1190 592 1230 Romae
607 1207 734 1230 curam
752 1208 880 1243 gerere
895 1194 1133 1232 educationis
1151 1191 1252 1229 libe-

83 1257 208 1280 rorum
227 1268 240 1289 ,
270 1258 382 1295 quam
400 1259 484 1283 cum
504 1245 708 1284 Ptolcmaeo
727 1246 902 1299 AEgypti
920 1247 1032 1300 Rege
1049 1271 1061 1293 5
1093 1249 1158 1299 qui
1177 1260 1249 1282 nu—

84 1299 184 1347 ptias
200 1300 278 1348 ejus
294 1298 482 1344 ambibat,
500 1314 671 1351 regnare,
691 1313 730 1339 nt
750 1301 865 1339 refert
883 1301 1110 1339 Plutarchus
1131 1303 1168 1336 in
1188 1302 1249 1336 vi-

85 1362 121 1387 ta
139 1349 401 1390 Gracchorum
430 1351 592 1391 fratrum
610 1369 646 1406 p.
668 1356 753 1398 824.
786 1354 875 1407 Caji
901 1355 1072 1394 Gracchi
1102 1353 1248 1391 librum

82 1404 227 1456 allegat
245 1406 343 1443 idem
360 1420 397 1457 p.
417 1407 503 1444 828.
522 1407 749 1447 Orationem
767 1423 836 1460 pro
853 1408 985 1448 Vestio
1002 1423 1038 1461 p.
1060 1410 1145 1456 835.
1163 1407 1246 1456 (e)

84 1456 174 1496 Tib.
190 1457 358 1497 Gracchi
387 1460 613 1512 eloquentia:
646 1461 855 1514 specimina
887 1465 1056 1515 quaedam
1089 1460 1248 1499 exhibet

86 1524 171 1564 pag.
191 1513 275 1550 828.
297 1514 381 1560 831.
399 1513 473 1566 seq.
492 1514 539 1552 C.
557 1514 725 1555 Gracchi
740 1531 827 1570 pag.
849 1519 935 1566 836.
963 1519 1028 1556 ubi
1059 1520 1177 1556 etiam
1196 1514 1245 1551 de

1113 1573 1192 1623 ejus

81 1683 97 1733 (
113 1697 131 1720 e
150 1681 164 1729 )
194 1683 449 1735 Qintilianur
463 1687 521 1724 lib.
541 1703 570 1726 1.
587 1699 662 1739 cap.
686 1704 717 1728 1.
734 1691 997 1730 Gracchorum
1014 1694 1244 1744 eloquentiae

134 1736 300 1797 multum
331 1742 776 1795 contulisse-accepimus
792 1745 1017 1784 Corneliam
1048 1761 1210 1785 matrem
1228 1773 1245 1796 ,

133 1803 238 1852 cujus
253 1791 484 1832 dociiffimus
512 1795 630 1835 sermo
647 1801 686 1836 in
717 1799 883 1851 posteros
900 1815 1050 1853 quoque
1077 1802 1128 1840 est
1147 1802 1243 1854 Epi-

136 1841 239 1881 stolis
256 1847 420 1885 traditus
439 1873 451 1894 ‚
482 1850 518 1886 &
536 1849 644 1889 Laelii
662 1853 743 1891 filia
764 1855 966 1892 reddidisse
983 1859 1020 1892 in
1049 1856 1243 1907 loquendo

133 1908 330 1960 paternam
350 1901 582 1952 eiegantiam
600 1907 740 1944 dicitur
757 1933 770 1954 ,
798 1909 833 1945 ὃ(
851 1910 907 1968 Q
922 1907 1120 1948 Hortensii
1153 1911 1241 1950 filiae

129 1949 269 2010 ptatro
297 1955 397 2003 apud
418 1955 658 1998 Triumviros
674 1961 804 1999 habita
823 1963 966 2013 legitur
995 1978 1070 2001 non
1088 1977 1241 2003 tantum

131 2016 169 2038 in
194 2003 310 2042 sexus
340 2007 522 2047 honorem
541 2040 549 2047 .
588 2018 643 2049 De
670 2014 904 2053 Gracchorum
930 2016 1130 2063 eloquentia
1160 2018 1241 2056 vide

130 2055 364 2116 Plutarchum
386 2071 463 2110 pag.
488 2065 532 2100 82
541 2077 571 2108 5.
602 2068 837 2116 Eptstolarum
864 2070 1034 2110 corneliae
1047 2070 1098 2109 ad
1115 2071 1240 2119 filium

124 2113 257 2157 Casum
271 2125 405 2161 quoque
418 2120 580 2158 meninit
587 2128 666 2171 pag.
688 2124 771 2166 840.
