1714 2719
490 137 562 167 140
670 125 888 166 CORN.
934 129 1083 168 NEP.
1140 133 1355 173 FRAG.

436 203 502 239 ubi
518 216 588 254 ego
604 215 753 241 mortua
774 219 838 244 ero
849 231 862 254 ,
892 213 1016 259 petito
1031 212 1268 253 tribunatum
1283 240 1295 262 ‚
1327 219 1407 268 post
1425 234 1485 259 me
1500 222 1596 262 faci-

436 267 477 292 to
494 257 595 307 quod
627 257 775 295 lubebit
792 283 806 305 ,
834 275 919 299 cum
939 278 1007 315 ego
1037 280 1112 304 non
1130 267 1314 307 sentiam:
1351 273 1415 310 ubi
1445 288 1589 314 mortua

432 323 496 346 ero
511 333 526 354 ,
561 310 780 359 parentabis
796 315 893 352 mihi
910 341 923 362 ,
955 319 991 354 ὃ(
1008 321 1206 359 invocabis
1224 322 1352 360 Deum
1370 339 1565 376 parentem
1583 360 1589 365 .

428 360 477 398 In
497 376 542 400 eo
573 375 743 416 tempore
773 380 848 404 non
880 371 995 420 pudet
1011 384 1049 409 te
1065 387 1194 411 eorum
1211 374 1342 414 Defim
1372 392 1500 429 preces
1530 396 1595 419 ex-

428 428 557 466 petere
578 430 671 467 quos
689 421 799 456 vivos
814 433 931 473 atque
964 423 1159 474 praesentes
1178 453 1190 474 ‚
1220 430 1373 469 reliRos
1399 445 1514 483 atque
1529 436 1594 471 de—

429 468 547 506 sertos
577 469 784 508 habueris?
814 474 876 511 Ne
894 475 964 513 ille
978 478 1072 515 finat
1087 479 1236 531 Jupiter
1252 507 1265 529 ‚
1295 495 1332 521 te
1353 499 1394 522 ea
1421 486 1594 535 persevc-

426 537 510 560 rare
527 546 540 569 5
569 537 638 561 nec
654 524 726 561 tibi
743 538 893 564 tantam
927 530 1163 570 dementiam
1181 538 1309 574 venire
1326 539 1365 574 in
1388 542 1557 577 animum
1582 569 1588 575 .

423 577 461 612 ὅ(
477 600 490 621 ,
520 576 543 613 fi
561 575 777 626 perseveras
797 603 809 625 ‚
840 595 971 618 vereor
988 597 1034 619 ne
1057 587 1094 620 in
1112 600 1264 625 omnem
1281 594 1401 628 vitam
1435 604 1590 630 tantum

423 629 565 666 laboris
582 630 693 680 culpa
719 643 783 668 tua
802 637 960 684 recipias
979 659 992 680 ,
1022 641 1079 674 uti
1096 641 1136 675 in
1167 641 1278 679 nullo
1308 656 1478 696 tempore
1508 659 1591 684 tute.

427 683 498 720 tibi
515 683 663 732 placere
678 684 790 734 poffis
807 713 816 722 .

1405 2098 1442 2138 V'
1459 2102 1515 2139 A-
