1714 2719
391 139 1005 180 TESTIMONIA.
1182 142 1225 178 jx

372 222 537 271 Agellius
569 222 629 258 lib.
649 235 715 259 xv.
745 231 820 270 cap.
839 235 1010 259 xxvxn.

158 331 343 371 Cornelius
359 338 476 378 Nepos
497 331 533 367 ὅ(
551 344 673 367 rerum
693 332 884 366 memoriae
901 343 976 366 non
997 329 1223 380 indiligens,
1240 331 1279 366 &

110 388 169 425 M.
186 387 385 425 Ciceronis
403 398 416 431 1
432 396 473 421 ut
496 387 561 435 qui
578 382 751 421 maxime
766 406 778 430 ‚
796 385 943 420 amicus
961 381 1167 420 familiaris
1184 382 1273 420 fuit.

357 490 610 530 Tertullianus
639 489 865 538 Apologetico
892 500 968 539 cap.
987 502 1023 526 x.

161 603 364 639 Saturnum
383 624 395 646 ,
412 612 599 650 quantum
617 598 733 636 literae
749 598 888 636 docent
905 620 918 643 5
936 611 1060 648 neque
1076 596 1275 636 Diodorus

107 654 261 693 Graecus
279 679 291 700 ,
308 668 374 692 aut
394 653 560 691 Thallus
573 677 586 698 ,
603 666 726 704 neque
741 651 887 690 Caffius
904 652 1063 690 Severus
1078 676 1090 698 ,
1106 665 1171 690 aut
1187 657 1279 688 Cor-

106 708 220 745 nelias
238 715 352 757 Nepos
371 732 385 753 ,
414 721 537 758 neque
553 706 655 744 ullus
671 718 953 744 commentator
969 705 1154 757 ejusmodi
1172 708 1276 743 anti-

107 765 303 813 quitatum
321 785 334 808 ‚
364 761 471 798 aliud
489 773 602 811 quam
620 759 813 797 hominem
831 784 844 806 ‚
874 760 1168 811 promulgarunt
1186 788 1194 796 .

425 869 614 903 Menenius
646 865 749 902 Felix
777 865 955 904 ollavio.

162 975 239 1012 Scit
256 973 325 1011 hoc
340 980 457 1020 Nepos
475 995 488 1016 ,
517 973 553 1008 ὃ(
583 971 729 1009 Caffius
747 975 786 1009 in
804 970 959 1009 historia
982 986 994 1017 ς
1025 974 1060 1009 &
1079 971 1245 1012 Thallus
1262 996 1279 1023 ²

109 1042 153 1067 ac
169 1027 365 1067 Diodorus
383 1026 453 1064 hoc
470 1025 683 1076 loquuntur
700 1052 708 1060 .

269 1133 490 1171 Laelamius
519 1133 728 1168 firmianus
757 1130 818 1169 lib.
841 1145 873 1169 1.
901 1141 977 1181 cap.
1000 1146 1113 1173 x11x.

160 1244 240 1302 Qi
256 1255 314 1279 res
342 1242 497 1278 Saturni
527 1242 565 1276 in
583 1237 700 1276 Italia
730 1238 852 1291 gestas
883 1230 1073 1278 mem-oria:
1103 1242 1282 1292 prodide-

109 1309 196 1333 tunt
209 1320 222 1340 ‚
249 1293 375 1333 Graeci
393 1319 406 1340 ,
422 1292 622 1332 Diodorus
638 1317 652 1339 ,
670 1295 706 1332 &
724 1292 914 1332 Thallus:
946 1293 1081 1332 Latini
1100 1319 1114 1342 ‚
1131 1301 1248 1344 Nepos
1265 1319 1282 1344 ,

109 1349 146 1386 &
161 1348 307 1387 Caffius
323 1373 336 1395 ,
366 1349 402 1385 &
418 1346 543 1384 Varro
558 1375 567 1382 .

217 1455 398 1505 Ausonius
427 1458 607 1504 Drepana'o
625 1452 711 1502 filio
737 1453 881 1505 praefat.
899 1453 1053 1504 Eidyllii
1078 1469 1167 1495 v11.

216 1566 288 1600 Cui
314 1561 402 1600 dono
428 1561 581 1611 lepidum
606 1576 736 1601 novum
764 1560 922 1599 libellum
951 1562 974 1600 ?

273 1615 498 1655 Veronenfis
527 1620 584 1654 ait
613 1616 731 1656 Poie'ta
763 1615 984 1668 quondam:

269 1669 511 1721 Inventoque
538 1671 644 1708 dedit
675 1670 801 1708 statim
831 1673 990 1718 Nepoti.

267 1723 325 1761 At
355 1738 423 1761 nos
453 1725 656 1774 illepidum
686 1725 815 1762 rudem
847 1724 1025 1762 libellum
1045 1747 1059 1769 ‚

266 1777 405 1815 Burras
422 1802 435 1823 ,
466 1776 690 1830 quisquilias
711 1803 723 1824 ‚
753 1776 995 1829 ineptiasque
1011 1802 1025 1824 ,

268 1831 480 1869 credemus
509 1836 652 1883 gremio
680 1835 741 1870 cui
772 1831 1015 1870 fovendum?

270 1884 441 1929 Inveni-5
473 1886 626 1937 trepidae
656 1885 760 1922 filete
791 1899 928 1937 nugae3

271 1937 357 1975 Nec
384 1939 538 1976 dofi'lum
568 1943 695 1976 minus
714 1963 727 1985 ,
756 1940 791 1975 ὅ(
820 1943 943 1991 magis
974 1939 1184 1990 benignum

272 1994 400 2054 Qam
430 2006 542 2044 quem
570 1991 708 2031 Gallia
738 1993 898 2044 praebuit
926 1991 1114 2031 Catullo.

1138 2103 1176 2137 A
1179 2113 1221 2136 u-
