1714 2719
3 158 22 257 202.
0 0 72 126 ’ν’-Ἰ

7 471 11 475 .
0 376 19 437 τις(

295 190 820 233 HAMILCAR.
881 191 1024 231 xxr.
1145 209 1191 243 97

72 279 266 319 miserunt
283 276 522 314 Hamilcaris
539 303 548 311 .
575 273 651 313 Ille
666 277 729 313 etsi
749 276 930 326 flagrabat
949 277 1119 313 bellandi
1137 282 1243 328 cupi-

82 335 204 371 ditate
222 357 235 378 ,
255 344 382 369 tamen
403 332 486 380 paci
502 328 742 367 serviendum
762 332 912 379 putavit
931 354 943 374 ‚
961 331 1060 380 quod
1080 335 1241 379 patriani

84 385 303 425 exhaustam
334 383 519 421 sumtibus
535 406 549 427 9
578 383 724 420 diutius
753 383 1016 420 calamitatem
1036 384 1129 421 belli
1147 384 1244 422 serre

87 455 162 478 non
182 438 280 490 posse
298 436 566 488 intelligebat:
599 435 730 473 sedita
750 459 762 479 ‚
793 447 833 472 ut
865 435 990 473 statim
1018 449 1146 474 mente
1162 441 1245 489 agi-

88 507 186 532 taret
202 517 215 538 ,
245 491 269 529 si
290 492 505 541 paullulum
523 490 638 526 modo
670 503 724 526 res
743 489 860 526 effe-nt
892 488 1034 526 rcfeElae
1052 515 1065 535 ,
1097 490 1241 528 bellum

86 559 269 585 renovare
286 569 298 589 ,
331 542 605 593 Romanosque
621 547 738 579 armis
755 542 924 593 persequi
942 567 955 588 ,
984 544 1161 581 donicum
1180 559 1243 582 aut

88 604 127 638 vi
145 612 244 638 certe
275 597 447 635 viciiscnt
465 621 478 642 ,
506 608 571 633 aut
605 595 696 634 viai
727 610 880 633 manum
911 597 1097 634 dedissent
1115 626 1122 633 .
1156 597 1245 636 Hoc

84 653 242 691 consilio
259 665 389 704 pacem
407 652 658 687 conciliavit:
692 653 728 686 in
747 663 817 700 qua
837 662 943 686 tanta
974 649 1049 688 fuit
1069 649 1208 689 ferocia
1228 677 1241 697 ‚

83 720 125 744 ut
144 731 157 752 ,
186 720 270 744 cum
286 704 452 742 Catulus
469 715 621 753 negaret
639 702 674 740 se
692 703 834 740 bellum
854 704 1164 753 compositurum,
1184 710 1242 742 ni—

83 759 109 798 si
129 760 198 796 ille
213 773 297 796 cum
315 758 390 795 suis
407 781 419 799 s
437 760 501 808 qui
520 755 681 805 Erycem
700 769 900 794 tenuerant
917 781 930 802 ‚
946 760 1062 794 armis
1080 759 1242 803 relie'lis,

83 813 215 851 Sicilia
233 813 456 849 decederent
476 825 488 855 3
515 810 779 847 succumbente
796 814 917 860 patria
938 810 1014 860 ipse
1030 815 1238 861 periturum

83 865 122 904 se
139 868 265 917 potius
281 866 423 902 dixerit
441 889 453 910 ,
484 877 595 914 quam
614 878 698 902 cum
715 876 825 900 tanto
841 864 989 915 flagitio
1013 866 1169 902 domum
1188 881 1243 902 rc-

82 921 181 958 diret
198 946 208 955 .
238 933 313 955 non
331 921 431 955 enim
450 916 517 954 suae
534 918 606 954 effe
624 920 780 954 virtutis
798 940 811 961 ,
835 931 937 954 arma
956 931 976 954 a
995 922 1117 968 patria
1135 933 1243 957 accc—

83 986 148 1024 pta
167 970 344 1009 adversus
362 971 483 1008 hostes
500 994 514 1015 ,
541 970 770 1007 adversariis
787 971 935 1007 tradere
952 998 959 1006 .

135 1023 185 1063 ΙΙ.
219 1022 345 1075 Hujus
360 1025 575 1074 pertinaciae
592 1023 689 1060 ceffit
707 1022 873 1060 Catulus
889 1050 897 1058 .
929 1022 984 1060 At
1003 1023 1071 1060 ille
1089 1036 1128 1061 ut
1143 1025 1242 1063 Car-

83 1081 279 1130 thaginem
299 1081 405 1115 venit
423 1101 436 1122 ,
465 1077 589 1113 multo
607 1078 721 1114 aliter
736 1090 779 1113 ac
796 1075 970 1125 sperabat
987 1101 1000 1121 ,
1031 1079 1241 1128 rempubli—

84 1147 167 1172 cam
186 1131 220 1168 se
237 1131 440 1168 habentem
471 1133 652 1180 cognovit
671 1157 679 1166 .
710 1127 890 1180 Namque
906 1131 1161 1170 diuturnitate
1178 1147 1244 1170 ex-

86 1189 187 1224 terni
203 1185 298 1222 mali
314 1197 465 1221 tantum
482 1183 617 1220 exarsit
636 1182 858 1220 intestinum
878 1183 1021 1220 bellum
1041 1208 1053 1229 ,
1075 1198 1114 1222 ut
1132 1200 1246 1223 num-

85 1253 199 1290 quam
219 1241 299 1287 pari
317 1237 487 1288 periculo
504 1235 619 1273 fuerit
653 1236 849 1288 Carthago
867 1260 881 1282 ,
910 1237 977 1274 nifi
1004 1252 1088 1274 cum
1120 1240 1246 1278 deleta

85 1291 136 1329 est
156 1319 164 1326 .
197 1291 324 1328 Primo
340 1292 564 1327 mercenarii
583 1289 729 1326 milites
747 1293 812 1340 qui
843 1290 1023 1327 adversus
1041 1290 1245 1331 Romanos

84 1343 235 1384 fuerant
253 1368 266 1389 ,
296 1342 534 1381 desciverunt
553 1370 561 1378 .
593 1356 751 1393 quorum
783 1357 960 1380 numerus
990 1357 1069 1382 erat
1102 1348 1245 1397 viginti

85 1398 255 1437 millium
274 1424 281 1432 .
306 1397 345 1434 hi
363 1409 484 1434 totam
502 1396 770 1434 abalienarunt
788 1395 963 1434 Africam
982 1421 994 1442 ,
1012 1397 1131 1447 ipsam
1148 1399 1248 1437 Car-

85 1452 280 1503 thaginem
297 1462 563 1502 oppugnarunt
581 1477 589 1485 .
619 1450 771 1501 Quibus
785 1450 901 1488 malis
917 1452 1010 1488 adeo
1035 1450 1120 1490 sunt
1139 1450 1264 1492 Poeni'
1286 1457 1290 1461 ’

85 1508 277 1558 perterriti
295 1529 308 1550 ,
339 1517 378 1542 ut
407 1504 551 1541 auxilia
583 1507 700 1541 etiam
726 1517 745 1540 a
779 1503 974 1542 Romanis
1004 1509 1215 1554 petiverint
1233 1533 1246 1554 ‚

85 1573 204 1610 eaque
234 1561 475 1608 impetrarint
494 1585 502 1593 .
534 1558 603 1594 Sed
621 1571 793 1594 extremo
811 1582 823 1603 ‚
854 1572 938 1595 cum
958 1572 1074 1609 prope
1101 1562 1180 1611 jan}
1196 1563 1243 1599 ad

85 1613 386 1663 desperationem
405 1610 678 1662 pervenissent,
690 1609 955 1649 Hamilcarem
973 1616 1113 1662 impera
1122 1626 1244 1652 torem

85 1666 256 1704 feceruut
272 1693 283 1702 .
312 1663 349 1702 Is
367 1680 442 1702 non
459 1665 582 1702 solum
597 1665 718 1702 hostes
734 1678 755 1701 a
775 1667 894 1702 muris
922 1665 1170 1718 Carthaginis
1187 1682 1245 1706 re-

85 1724 211 1758 movit
228 1744 241 1766 ,
271 1733 355 1757 cum
373 1719 540 1769 amplius
556 1731 708 1756 centum
725 1719 852 1755 millia
871 1717 970 1756 fagia
988 1719 1104 1757 essent
1120 1735 1246 1759 arma-

87 1786 213 1811 torum
231 1797 245 1819 ,
274 1772 336 1810 sed
352 1776 471 1810 etiam
488 1786 532 1810 eo
561 1773 748 1823 compulit
766 1796 779 1818 ,
809 1784 850 1809 ut
867 1771 1037 1810 locorum
1061 1774 1244 1825 augustiis

88 1826 201 1866 clausi
218 1850 232 1872 ,
261 1826 386 1876 plures
416 1825 519 1863 same
550 1839 663 1877 quam
692 1825 793 1863 ferro
823 1829 1027 1864 interirent
1047 1854 1054 1861 .
1099 1828 1242 1866 Omnia

87 1880 228 1931 oppida
261 1879 478 1917 abalienata
497 1904 510 1925 ,
529 1883 567 1916 in
584 1880 642 1918 his
660 1879 815 1916 Uticam
833 1903 846 1925 ,
861 1891 977 1931 atque
994 1878 1220 1931 Hipponem
1233 1907 1247 1929 ,

90 1933 342 1972 valentiffima
360 1937 478 1970 totius
497 1932 638 1970 Africae
656 1957 670 1979 ,
687 1932 850 1970 restituit
865 1937 994 1984 patriae
1011 1961 1020 1969 .
1052 1933 1188 1985 Neque
1203 1951 1248 1974 eo

88 1987 164 2026 suit
194 2000 397 2024 contentus
415 2011 427 2032 ,
457 1986 518 2024 sed
549 1990 667 2024 etiam
697 1987 791 2024 fines
806 1989 959 2037 imperii
987 1993 1216 2040 propagavit
1235 2018 1243 2025 .

76 2052 171 2079 tota
191 2039 326 2078 Africa
345 2053 497 2078 tantum
530 2044 653 2077 otium
670 2041 835 2078 reddidit
854 2064 867 2086 ,
896 2053 938 2078 ut
966 2041 1118 2080 nullum
1136 2045 1175 2079 in
1206 2058 1248 2081 ea

94 2094 240 2134 beilum
259 2095 450 2133 videretur
465 2095 600 2133 multis
618 2097 728 2132 anuis
745 2092 856 2132 fuiise
872 2121 881 2129 .

767 2145 807 2184 G
1034 2121 1037 2124 ’
1130 2147 1200 2185 111.
