1714 2719
251 175 794 217 AGESILAUS.
887 174 1047 213 XVII.
1131 187 1180 221 75

70 262 146 302 His
164 263 280 313 igitur
306 257 416 295 rebus
443 257 566 293 effecit
595 268 635 292 ut
665 256 701 292 ὃ(
726 255 1000 293 ornatissimum
1031 279 1044 300 ‚
1074 255 1108 292 &
1127 268 1234 292 exer-

64 314 321 357 citatillimum
339 310 489 347 haberet
506 312 715 346 exercitum
734 336 741 344 .
776 311 880 348 Huic
896 323 982 346 cum
1000 322 1150 359 tempus
1169 308 1228 346 cs·-

69 372 123 409 set
142 368 260 407 visum
285 367 414 416 copias
445 363 643 399 extrahere
659 376 702 398 ex
723 362 979 399 hibernaculis
998 387 1010 408 ‚
1045 363 1142 400 vidit
1161 386 1174 406 ‚
1204 361 1228 400 fi

71 440 146 476 quo
174 420 262 459 esset
292 421 366 455 iter
381 415 546 454 saaurus
564 440 578 461 ,
606 416 734 465 palam
766 416 1046 466 pronuntiasset
1064 440 1077 462 ,
1106 414 1230 453 hostes

70 492 146 516 non
161 474 365 514 credituros
382 495 396 516 ‚
411 468 582 520 aliasque
599 473 771 520 regiones
788 481 1056 519 occupaturos,
1073 483 1141 506 nec
1157 468 1229 505 du-

71 532 254 570 bitaturos
270 524 374 562 aliud
392 522 465 561 else
480 522 667 561 faaurum
693 537 737 560 ac
754 521 1032 574 pronuntiasset
1052 551 1058 557 .
1090 521 1229 572 Itaque

69 597 152 624 cnm
171 581 238 618 illc
254 579 380 616 Sardis
397 575 433 614 sc
463 579 602 614 iturum
619 576 772 614 dixisset
789 600 803 621 5
835 575 1105 626 Tiss'aphernes
1123 589 1230 613 eam·

67 639 152 676 dem
167 633 322 672 Cariam
340 630 620 669 defendendam
650 645 673 681 p
684 633 808 667 utavit
828 658 835 665 .
866 628 910 666 ln
930 644 1005 681 quo
1030 643 1114 667 cum
1145 644 1232 667 eum

67 691 201 741 opinio
218 684 415 724 fefellisset
432 709 445 730 ,
474 684 694 736 vissumque
711 683 747 720 se
765 683 916 721 vidisset
933 683 1091 721 consilio
1109 707 1122 729 ,
1150 682 1233 724 sero

67 743 142 782 suis
159 740 325 793 praesidio
341 737 530 790 proseElus
546 737 597 775 est
614 765 622 773 .
644 751 732 774 nam
749 752 834 774 cum
855 738 926 774 illo
943 736 1106 775 venisset
1124 761 1138 781 ,
1152 738 1231 788 jam

69 796 269 849 Agesilaus
285 793 418 830 multis
436 794 530 829 locis
548 793 776 843 expugnatis
794 815 807 836 ,
837 805 973 841 magna
995 803 1075 828 erat
1107 791 1230 841 praeda

69 853 216 903 potitus
233 875 241 884 .
275 846 376 884 Laco
392 858 520 883 autem
534 869 545 891 ,
574 859 659 882 cum
677 845 824 882 videret
842 845 963 882 hostes
982 848 1156 895 equitatu
1174 843 1234 881 su-

69 917 200 955 perare
218 925 231 947 ‚
260 913 468 950 numquam
487 902 523 935 in
554 912 689 949 campo
721 897 776 935 sui
796 897 888 936 fecit
908 897 1132 950 potestatem
1152 923 1165 944 ,
1193 899 1232 934 ὃ(

69 957 127 995 his
145 957 238 994 locis
253 967 407 991 manum
425 951 613 989 conseruit
631 951 766 1003 quibus
794 953 880 1002 plus
910 951 1097 1004 pedestres
1115 955 1232 1001 copias

70 1011 241 1048 valerent
259 1034 267 1042 .
298 1005 452 1056 Pepulit
470 1019 558 1055 ergo
575 1005 888 1057 quotiescumque
906 1006 1122 1056 congressus
1147 1004 1199 1042 est
1215 1028 1231 1049 2

67 1063 190 1101 multo
204 1061 366 1111 majores
383 1058 685 1097 adversariorum
701 1062 848 1110 copias,
867 1062 902 1096 &
919 1060 1021 1098 sicin
1040 1057 1129 1096 Asia
1149 1072 1233 1096 ver-

69 1117 168 1156 satus
185 1113 234 1152 est
250 1138 264 1158 ‚
294 1126 334 1150 ut
351 1116 522 1149 omnium
541 1115 725 1163 opinione
742 1112 865 1151 viRor
880 1115 1082 1151 duceretur
1099 1140 1106 1148 .

119 1167 190 1207 IV.
220 1166 301 1204 Hic
317 1181 402 1204 cum
420 1169 550 1203 animo
580 1168 833 1204 meditaretur
863 1166 1053 1218 proficisci
1071 1169 1110 1203 in
1142 1165 1234 1203 Per-

71 1223 156 1268 sas,
184 1219 357 1274 &ipsum
374 1233 498 1271 regem
529 1221 700 1266 adoriri,
729 1223 888 1258 nuntius
919 1223 951 1258 ei
979 1222 1093 1259 domo
1122 1224 1232 1257 venit

69 1276 263 1327 Ephorum
280 1273 375 1326 julsu
394 1298 406 1319 ‚
438 1273 582 1310 bellum
601 1273 859 1312 Athenienses
877 1275 912 1310 &
943 1273 1112 1311 Boeotios
1131 1275 1234 1310 indi-

68 1329 160 1367 xill'e
178 1328 502 1366 Lacedaemoniis:
532 1340 648 1377 quare
679 1329 810 1364 venire
839 1342 915 1364 non
935 1328 1127 1366 dubitaret
1145 1354 1154 1362 .
1185 1325 1231 1364 In

68 1383 138 1421 hoc
154 1397 229 1419 non
246 1384 372 1418 minus
389 1383 468 1432 ejus
487 1383 608 1430 pietas
638 1379 875 1431 suspicienda
905 1380 957 1419 est
975 1396 1090 1433 quam
1107 1384 1232 1418 virtus

70 1437 207 1474 bellica
227 1438 313 1487 :qui
330 1449 415 1473 cum
434 1434 572 1472 victori
589 1433 753 1485 praeesset
770 1437 981 1482 exercitui,
997 1437 1233 1473 maximam-

70 1503 142 1542 que
158 1489 310 1526 haberet
327 1488 504 1525 fiduciam
522 1492 626 1540 regni
657 1487 852 1526 Persarum
879 1490 1061 1540 potiundi
1079 1513 1091 1536 ‚
1120 1500 1230 1526 tanta

70 1542 252 1581 modestia
269 1541 369 1580 dislo
399 1542 555 1579 audiens
572 1540 646 1579 fuit
674 1542 776 1594 juffis
791 1542 1006 1581 absentium
1032 1542 1234 1594 magistus-

69 1610 176 1634 tuum
195 1621 207 1642 ,
237 1609 277 1633 ut
303 1596 326 1634 si
359 1599 531 1647 privatus
548 1598 586 1632 in
601 1600 761 1633 comitio
791 1597 882 1634 effet
912 1598 1052 1648 Spartae
1069 1626 1078 1633 .
1107 1596 1232 1648 Cujus

69 1650 287 1700 exemplum
305 1654 454 1686 utinam
471 1651 718 1700 imperatores
735 1650 853 1688 nostri
870 1650 976 1702 sequi
993 1649 1201 1690 voluiisent
1220 1677 1230 1686 .

70 1705 140 1742 Sed
173 1704 268 1741 illuc
301 1705 495 1741 redeamus
522 1730 530 1738 .
562 1702 762 1755 Agesilaus
793 1705 1079 1755 opulentiffimo
1113 1718 1231 1755 regno

70 1757 267 1808 praeposuit
286 1757 424 1794 bonam
442 1755 764 1795 existimationem
782 1783 794 1804 ,
812 1759 1014 1811 multoque
1031 1758 1234 1811 gloriosius

70 1813 178 1848 duxit
208 1811 231 1848 si
264 1810 450 1848 institutis
482 1813 609 1860 patriae
626 1811 805 1862 paruisset
823 1837 836 1858 ,
866 1827 981 1864 quam
1006 1813 1030 1851 si
1048 1813 1150 1851 bello
1169 1810 1229 1849 su-

71 1863 229 1916 perasset
247 1863 378 1902 Afiam
396 1893 404 1900 .
437 1863 524 1901 Hac
539 1867 655 1917 igitur
684 1878 813 1903 mente
830 1865 1134 1918 Hellespontum
1163 1880 1229 1902 co-

70 1921 152 1970 pias
177 1919 326 1970 trajecit
344 1943 357 1964 ,
385 1931 570 1969 tantaque
599 1918 684 1957 usus
713 1919 764 1957 est
794 1920 991 1959 celeritate
1008 1946 1021 1967 ‚
1053 1934 1094 1958 ut
1124 1918 1227 1971 quod

70 1975 143 2009 iter
160 1970 308 2010 Xerxes
338 1987 440 2010 anno
469 1984 642 2010 vertente
669 1972 886 2012 confecerat
903 1999 915 2021 ,
947 1975 1010 2014 hic
1038 1974 1228 2013 transterit

69 2028 227 2077 triginta
244 2026 375 2064 diebus
392 2054 401 2062 .
430 2026 531 2064 Cum
546 2029 624 2078 jam
655 2027 753 2064 haud
770 2028 884 2080 longe
911 2028 1053 2068 abesset
1077 2043 1097 2066 a
1118 2027 1231 2065 Pelo-

72 2079 236 2130 ponneso
252 2103 267 2126 ‚
299 2079 471 2119 obsistere
487 2083 522 2119 ei
539 2084 667 2119 conati
683 2080 770 2120 sunt
785 2082 1044 2123 Athenienses
1074 2085 1109 2121 &
1126 2081 1237 2118 Βαο-

1103 2141 1182 2184 tii,
