1714 2719
495 158 541 207 98
651 154 1021 195 CORNELII
1077 155 1391 196 NEPOTIS

495 233 566 270 ΙΙΙ.
600 233 735 272 Rebus
752 236 810 272 his
827 249 870 273 ex
888 235 1075 274 sententia
1102 237 1260 288 peraffls
1278 262 1290 283 ‚
1321 238 1454 277 fidenti
1470 246 1598 281 animo

444 300 560 337 atque
576 287 712 325 infesto
730 287 922 326 Romanis
941 313 954 335 ‚
984 303 1058 341 quo
1074 289 1227 328 facilius
1244 291 1406 329 caussam
1429 294 1596 333 bellandi

445 345 625 390 reperiret
642 366 655 387 ,
684 341 808 379 effecit
826 354 866 379 ut
883 346 1090 393 imperator
1106 358 1188 380 cum
1206 347 1373 381 exercitu
1402 349 1439 382 in
1458 343 1600 396 Hispa-

445 397 550 431 niam
567 398 782 431 mitteretur
798 423 806 430 .
837 409 954 446 eoque
971 395 1091 433 secum
1110 397 1220 433 duxit
1243 397 1365 434 filium
1397 397 1602 438 Hanniba-

447 448 522 485 lem
554 462 739 484 annorum
771 463 907 486 novem
926 476 933 484 .
965 448 1059 485 Erat
1090 463 1263 499 praeterea
1295 465 1377 487 cum
1398 467 1441 489 eo
1471 452 1603 489 adole-

447 500 551 538 scens
568 500 724 538 illustris
741 502 776 537 ὅ(
805 500 989 538 formosus
1007 500 1222 539 Hasdrubal
1242 527 1254 548 ,
1284 518 1394 554 quem
1422 506 1601 541 nonnulli

448 555 560 605 diligi
578 558 724 605 turpius
743 568 854 604 quam
887 567 953 604 par
969 567 1049 591 erat
1068 578 1081 600 3
1110 556 1156 592 ab
1187 554 1410 594 Hamilcare
1427 582 1439 603 ,
1470 558 1603 609 loque-

448 608 585 644 bantur
601 635 608 643 .
641 622 714 643 non
733 610 833 643 cuim
851 607 1029 643 maledici
1046 620 1155 645 tanto
1172 611 1253 645 viro
1270 610 1388 647 deesse
1404 623 1599 660 poterant.

449 675 524 711 quo
541 660 681 697 saelum
699 659 749 696 est
778 671 820 695 ut
836 673 855 695 a
889 659 1061 708 praefe&o
1091 675 1236 697 morum
1264 660 1482 700 Hasdrubal
1513 678 1600 701 cum

451 728 494 750 eo
514 725 704 750 vetaretur
719 712 791 748 esse
809 739 816 746 .
850 710 956 748 Huic
974 713 1043 749 ille
1071 712 1191 748 filiam
1210 713 1313 749 suam
1335 717 1372 750 in
1402 720 1605 753 matrimo-

450 770 557 804 nium
575 766 680 802 dedit
697 788 710 810 ,
740 766 838 815 quod
857 765 1024 802 moribus
1041 779 1168 802 eorum
1187 781 1262 803 non
1279 778 1429 817 poterat
1446 770 1606 805 interdi-

450 822 484 856 ci
502 818 628 856 socero
644 833 757 869 gener
774 846 782 853 .
813 817 875 855 De
892 817 961 855 hoc
980 818 1063 855 ideo
1079 822 1312 856 mentionem
1329 819 1487 858 fecimus
1504 822 1605 872 quod

450 871 676 909 Hamilcare
693 870 814 908 occiso
830 872 899 908 ille
915 874 1098 909 exercitui
1114 871 1264 922 praefuit
1277 897 1290 917 ,
1303 872 1432 924 resque
1447 888 1604 926 magnas

450 926 556 976 gessit
575 949 587 970 ,
617 927 651 961 ἃ
669 927 842 974 princeps
872 924 1077 975 largitione
1094 925 1258 963 vetustos
1275 931 1458 975 pervertit
1476 941 1600 966 mores

451 978 824 1029 Carthaginiensium
844 992 851 1014 ε
869 978 1109 1028 ejusdemque
1125 979 1204 1029 post
1221 991 1382 1017 mortem
1399 978 1601 1018 Hannibal

449 1031 498 1069 ab
515 1035 682 1068 exercitu
699 1033 844 1080 accepit
862 1033 1061 1080 imperium
1080 1059 1087 1065 .

502 1083 573 1120 IV.
605 1083 661 1120 At
679 1082 882 1120 Hamilcar
898 1083 1139 1133 posteaquam
1156 1097 1258 1121 mare
1274 1085 1420 1122 transsit
1443 1109 1454 1127 ‚
1474 1088 1510 1122 in
1530 1085 1608 1123 Hi-

453 1136 702 1187 spaniamque
721 1138 827 1173 venit
845 1160 858 1180 ,
875 1150 1032 1186 magnas
1051 1149 1107 1173 res
1124 1135 1281 1174 secunda
1306 1137 1410 1187 geffit
1427 1136 1577 1176 fortuna
1597 1155 1605 1177 ε

453 1194 643 1227 maximas
674 1188 1040 1239 bellicosiffimasque
1055 1201 1185 1240 gentes
1203 1189 1348 1240 subegit
1366 1205 1373 1226 ε
1404 1194 1532 1240 equis,
1548 1207 1608 1230 ar-

454 1246 528 1280 mis
546 1267 559 1288 ,
589 1245 681 1280 viris
699 1266 713 1288 ,
742 1245 900 1293 pecunia
921 1266 933 1287 ,
963 1254 1085 1279 totam
1115 1243 1373 1293 locupletavit
1403 1242 1577 1282 Africam
1595 1273 1603 1283 .

455 1295 536 1334 Hic
552 1311 635 1334 cum
655 1299 692 1332 in
710 1295 865 1333 Italiam
883 1296 1027 1333 bellum
1046 1295 1185 1333 inferre
1202 1298 1452 1334 meditaretur
1466 1320 1480 1342 ,
1508 1312 1606 1337 nono

453 1364 556 1387 auno
573 1349 767 1400 'postquam
799 1352 837 1385 in
856 1347 1086 1399 Hispaniam
1107 1363 1260 1387 venerat
1278 1375 1291 1395 ,
1322 1351 1359 1386 in
1378 1350 1512 1400 proelio
1540 1365 1608 1402 pu-

455 1417 576 1455 gnans
592 1402 769 1440 adversus
787 1402 975 1440 VeE'cones
992 1402 1133 1440 occisus
1150 1403 1200 1439 est
1214 1431 1221 1439 .
1242 1402 1370 1455 Hujus
1386 1416 1607 1454 perpetuum

456 1457 586 1494 odium
603 1470 688 1506 erga
721 1456 923 1493 Romanos
952 1459 1118 1492 maxime
1147 1458 1349 1495 concitafse
1379 1457 1528 1494 videtur
1557 1457 1612 1496 se-

456 1510 621 1547 cundum
654 1510 796 1546 bellum
826 1508 1011 1546 Punicum
1029 1536 1037 1545 .
1069 1509 1248 1560 Namque
1277 1510 1476 1548 Hannibal
1509 1511 1610 1548 filius

459 1565 539 1613 ejus
557 1586 570 1608 ,
599 1563 747 1600 affiduis
764 1565 883 1614 patris
913 1563 1227 1600 obtestationibus
1245 1578 1287 1601 eo
1317 1564 1367 1602 est
1384 1564 1581 1613 perduelus
1597 1588 1612 1610 ‚

464 1628 504 1653 nt
524 1619 680 1654 interire
696 1630 807 1667 quam
828 1615 1029 1654 Romanos
1047 1631 1121 1653 non
1139 1621 1303 1667 experiri
1332 1617 1467 1655 mallet
1485 1644 1493 1653 .

1418 2095 1561 2135 HAN-
