1714 2719
287 204 814 249 AR1sT1DEs.
901 207 1000 250 111.
1129 223 1171 256 η

63 292 212 332 dicatur
244 288 342 339 apud
373 300 497 339 regem
514 286 626 324 verba
654 285 780 323 feciffc
796 309 810 331 ‚
840 300 953 338 quam
986 287 1023 323 hi
1043 299 1223 337 poteraut

63 348 130 398 qui
149 348 186 382 in
203 341 347 381 Perfide
375 353 483 378 erant
502 343 583 377 nati
601 366 610 375 .
643 336 723 377 Hic
752 353 836 376 cum
872 340 993 376 multa
1027 343 1102 392 regi
1133 342 1224 380 cii‘ct

65 399 263 451 pollicitus
279 420 293 442 ,
320 393 643 446 gratiffimumque
673 392 801 438 illud,
833 393 855 435 fi
874 393 947 430 suis
969 397 1024 430 uti
1055 395 1224 433 confiliis

67 453 188 490 vellet
200 474 214 495 ,
230 449 340 487 illum
355 446 542 485 Graeciam
562 446 664 484 bello
682 445 957 496 opprctsurum,
974 451 1123 498 magnis
1140 463 1225 486 mu-

68 504 219 544 neribus
234 502 280 540 ab
297 501 514 539 Artaxerxe
531 501 695 538 donatus
714 503 750 535 in
770 498 900 536 Asiam
927 501 1040 537 rediit
1059 525 1071 545 ,
1101 502 1226 538 domi-

67 559 273 607 ciliumque
290 553 492 607 Magnesia:
510 553 576 591 fibi
607 551 806 590 constituit
823 581 831 588 .
864 566 1028 604 namque
1053 555 1148 592 hanc
1166 570 1228 592 ur-

67 612 148 650 bem
166 613 200 647 ei
231 623 291 646 rex
311 609 518 645 donavemt
541 631 554 652 ,
584 606 642 643 his
675 605 758 643 usus
776 606 900 644 verbis
918 631 930 652 ,
960 611 1082 653 (flacci
1102 618 1226 657 panem

61 662 221 714 praberet
240 678 247 700 :
277 675 321 699 cx
340 675 410 712 qua
430 664 582 712 regione
599 661 877 710 quinquaginta
895 661 1041 698 talenta
1060 675 1227 712 quotan-

64 721 125 755 nis
142 716 315 754 redibant
334 730 341 752 :
361 714 630 764 Lampsacum,
646 711 736 748 unde
750 717 872 749 vinum
878 714 1030 761 Ji‘tmeret
1050 729 1061 749 :
1080 716 1229 765 lWyun-

62 783 141 809 tem
153 794 167 815 ,
182 782 222 805 ex
239 783 308 817 qua
324 769 496 816 opsbnium
511 766 647 803 haberet
664 794 672 802 .
693 765 821 818 Hujus
838 769 882 804 ad
901 767 1022 804 nostra
1030 783 1065 805 m
1083 783 1230 806 memo-

65 827 161 863 tiam
178 835 424 860 monumenta
441 819 660 857 manserunt
677 821 752 857 duo
773 836 780 858 :
797 821 1008 871 sepulcrum
1025 835 1141 873 prope
1159 839 1228 875 os,-

96 878 199 915 idum
229 878 266 912 in
286 889 360 926 quo
375 874 425 912 est
457 874 624 924 sepultus
641 897 655 918 ,
685 873 810 911 statuae
828 878 865 911 in
884 873 967 911 foro
995 875 1197 927 Magnesia:
1215 906 1224 914 .

66 891 131 968 Ee
146 931 250 980 cujus
266 942 388 965 morte
407 928 540 964 multis
556 928 680 964 modis
696 928 794 977 apud
813 927 1014 978 plerosque
1043 928 1224 980 scriptum

63 983 141 1021 est:
173 982 234 1019 sed
250 995 319 1018 nos
341 981 513 1018 eumdem
545 980 774 1030 potitfimum
794 979 1064 1028 Thucydidem
1092 984 1225 1021 anao-

63 1049 142 1073 tem
159 1034 359 1085 probamus
376 1057 389 1079 ‚
419 1034 484 1083 qui
502 1032 613 1069 illum
630 1035 685 1069 ait
705 1033 909 1084 Magnesiae
928 1034 1061 1071 morbo
1076 1049 1224 1073 mortu-

64 1103 128 1127 um
145 1103 152 1125 :
183 1101 303 1138 neque
319 1098 432 1138 negat
463 1083 573 1122 fuiss'e
595 1084 738 1122 sam-”mi
755 1109 768 1131 ,
799 1100 988 1123 venenum
1006 1085 1068 1124 sua
1086 1087 1221 1139 sponte

65 1139 226 1181 sumsisse
241 1164 255 1186 ‚
285 1153 369 1178 cum
387 1137 423 1176 se
451 1152 530 1190 quae
546 1142 624 1189 regi
641 1139 687 1176 dc
702 1137 850 1176 Graecia
869 1141 1117 1190 opprimenda
1138 1144 1226 1194 pol..

68 1196 196 1234 licitus
211 1193 299 1232 ess'et
317 1217 329 1239 ,
358 1191 526 1243 praestare
542 1190 643 1242 posse
659 1192 870 1243 desperaret
888 1221 896 1228 .
928 1192 1033 1230 Idem
1050 1194 1125 1232 offa
1143 1199 1223 1248 ejus

67 1249 165 1288 clam
184 1254 221 1285 in
237 1245 371 1284 Attica
387 1246 435 1283 ab
451 1249 584 1283 ami-sis
603 1244 766 1295 sepulta,
780 1250 960 1297 quoniam
978 1247 1125 1298 legibus
1144 1265 1221 1287 non

65 1301 331 1340 concederetur
349 1323 363 1346 ,
393 1299 493 1350 quod
523 1300 753 1350 proditionis
779 1299 868 1338 esset
884 1300 1087 1339 damnatus
1103 1327 1118 1350 ,
1147 1318 1228 1341 me-

63 1356 190 1394 moriae
206 1353 373 1405 prodidit
395 1380 406 1389 .

243 1479 1050 1550 ARISTIDES.
1152 1506 1177 1535 θ

592 1623 610 1661 I
628 1623 694 1662 I-I.

63 1730 100 1770 Ι.
228 1731 480 1771 RISTIDES
508 1731 725 1782 Lyfimachi
755 1733 859 1772 filius
874 1733 1121 1772 Atheniensis
1139 1759 1151 1782 ‚
1178 1750 1227 1773 ε-

250 1788 376 1838 qualis
392 1785 470 1824 fere
485 1785 560 1824 fuit
579 1785 827 1826 Themistocli
845 1815 853 1824 .
873 1791 1002 1839 itaque
1017 1803 1100 1826 cum
1119 1804 1162 1827 eo
1179 1792 1225 1827 de

95 1841 281 1891 rincipatu
297 1840 497 1878 contendit
514 1867 522 1876 .
553 1854 717 1892 namque
747 1842 1008 1880 obtrefiiarunt
1031 1845 1131 1879 inter
1160 1842 1195 1880 se
1212 1871 1222 1879 .

65 1852 112 1930 fn
128 1893 186 1930 his
201 1905 327 1931 autem
343 1897 539 1945 cognitum
557 1893 607 1931 est
625 1918 638 1941 ‚
663 1908 808 1946 quanto
823 1895 1022 1934 antistaret
1038 1896 1223 1947 eloquen-

66 1948 120 1983 tia
137 1949 359 1984 innocentiae
377 1975 386 1983 .
412 1949 655 2008 Qamquam
673 1951 773 1986 enim
790 1949 884 1986 adeo
899 1949 1112 1986 excellebat
1130 1948 1225 1987 Ari-

66 1998 177 2037 stides
189 1999 417 2038 abstinentia
435 2025 448 2047 ‚
477 2013 518 2038 ut
540 2015 634 2038 unus
652 2001 732 2052 post
748 2003 947 2040 hominum
968 2005 1190 2040 memoriam
1209 2027 1222 2049 ,

67 2053 165 2103 quod
182 2054 332 2105 quidem
351 2068 419 2092 nos
435 2055 684 2101 audierimus,
700 2058 928 2107 cognomine
945 2056 1079 2104 Justus
1096 2056 1139 2093 fit
1155 2071 1225 2107 ap-

68 2106 232 2158 pellatus
244 2130 257 2155 ,
274 2119 401 2147 tamen
419 2122 438 2146 a
459 2107 715 2148 Themistocle
729 2109 1003 2148 collabefaRus
1020 2109 1155 2148 testula
1174 2110 1225 2146 il-

807 2161 838 2200 B
1105 2164 1141 2200 la
1161 2187 1175 2209 ,
