1714 2719
485 126 552 160 xiv
719 120 1333 166 TESTIMONIA.

437 205 557 256 phrasi
577 220 788 257 vocumque
805 206 952 246 deles‘m
969 237 978 246 .
1004 207 1048 245 In
1065 209 1202 261 elogiis
1218 213 1333 248 etiam
1353 235 1366 255 ‚
1383 211 1519 263 quibus
1538 216 1598 253 vel

434 271 576 297 naturae
592 259 720 305 dotes,
763 262 822 298 vel
841 265 962 299 animi
987 275 1086 300 artes
1117 263 1288 315 persequi
1305 263 1400 302 solet
1416 289 1430 312 ‚
1459 278 1603 306 πολιπ-

430 311 605 362 κῶτερὲυ
634 312 685 350 est
702 342 710 350 .
742 313 793 351 Et
810 329 890 366 qux.
907 319 1065 354 omnino
1082 316 1183 354 linea
1216 321 1401 367 reperitur
1418 343 1431 366 5
1463 322 1502 357 in
1520 335 1592 372 qua

430 381 506 404 non
531 366 788 417 deprehendat
817 372 962 409 sagiso-,v
990 370 1099 406 illam
1115 368 1302 409 πολιπκῖα)
1318 386 1404 409 cum
1435 375 1599 427 ὢιωείμει

426 419 658 473 spumeum?
674 443 688 468 >
727 424 792 472 qui
810 423 854 460 de
871 435 1030 474 utraque
1051 424 1206 475 aliquid
1224 424 1440 477 intelligit?

584 555 746 604 Joannes
759 560 898 592 savaro
923 555 965 593 de
977 556 1085 604 hujus
1113 555 1196 593 libri
1225 557 1382 595 Αιιέῖονε
1397 584 1405 594 .

483 686 600 726 Hunc
617 687 757 725 librum
786 687 946 725 cornelio
978 693 1111 737 Nepoti
1141 689 1269 728 affer-it
1299 690 1375 742 ipsa
1394 690 1567 741 praefatio
1584 717 1598 739 ‚

427 749 513 781 Non
525 741 736 788 dubitofhre
748 740 921 791 plerosque
937 767 950 788 ,
979 745 1109 779 Attice
1132 766 1146 788 3
1175 745 1244 780 &c.
1263 746 1298 780 ὃ(
1315 758 1360 781 ex
1379 748 1457 781 vita
1474 745 1597 783 Cato-

428 799 488 833 nis
507 819 519 840 ,
550 795 619 831 illa
638 818 651 840 ‚
684 796 812 840 Hujus
840 795 882 832 de
900 798 982 832 vita
1013 797 1058 838 &2
1085 795 1236 832 moribus
1259 795 1366 845 plura
1382 799 1484 833 in-eo
1511 798 1599 834 libro

422 849 600 898 proftctcti
624 848 748 898 fiaemus
777 862 876 895 quem
891 849 1088 899 sbparatim
1115 849 1157 886 de
1187 863 1226 885 eo
1244 849 1400 897 fbcimm
1416 874 1429 896 ,
1473 863 1599 899 rogatu

425 909 474 939 T.
495 905 678 951 Pomponii
695 905 850 949 Attici,
880 905 949 941 &c.
981 905 1086 955 cujus
1103 904 1255 955 quidem
1288 904 1378 941 libri
1405 903 1599 954 fragmen-

427 969 526 999 tum,
544 970 588 994 ex
605 953 766 992 Cornelio
783 962 917 1005 Nepote
934 957 1088 995 laudare
1105 955 1426 995 videturGellius
1445 957 1591 995 lib.XI.

429 1009 577 1047 c.V111.
613 1009 789 1046 Praeterea
810 1011 927 1048 libros
945 1012 992 1048 de
1015 1013 1108 1048 viris
1140 1010 1360 1048 inlustribus
1377 1034 1391 1057 9
1421 1022 1591 1048 veterum

428 1063 579 1114 scriptis
595 1062 761 1100 celebres
779 1087 791 1108 3
823 1067 886 1115 qui
904 1067 1037 1112 Nepoti
1059 1063 1280 1101 tribuuntur
1296 1088 1310 1109 ‚
1337 1064 1385 1100 ab
1401 1064 1511 1114 hujus
1548 1065 1598 1101 li·-

429 1117 484 1154 bri
502 1117 653 1155 aneiore
669 1115 861 1155 confe&os
878 1116 949 1155 esse
967 1117 1058 1155 satis
1073 1129 1232 1167 apparet
1261 1130 1306 1155 ex
1345 1117 1421 1154 fine
1440 1115 1597 1155 Hanni-

427 1171 526 1208 balis
544 1174 629 1208 vitae
647 1195 659 1216 ,
677 1167 747 1206 Sed
759 1184 821 1207 nos
838 1180 971 1220 tempus
986 1171 1032 1218 est
1045 1169 1157 1216 hujus:
1170 1169 1253 1206 libri
1260 1170 1382 1217 fhcere
1384 1171 1496 1217 finem
1512 1196 1525 1216 ,
1553 1173 1598 1214 &

426 1227 660 1272 Romanorum
683 1224 853 1269 explicare
868 1228 1090 1273 imperatores
1106 1249 1118 1269 ,
1149 1237 1215 1270 quo
1234 1224 1394 1271 facilius
1413 1249 1426 1270 ,
1453 1224 1597 1261 collatis

426 1288 652 1323 utrorumque
657 1276 794 1324 saevis,
811 1281 874 1325 qul
888 1281 961 1314 viri
972 1276 1276 1326 praefht¹endifint,
1291 1276 1392 1325 poffit
1400 1277 1567 1324 judicari
1586 1307 1596 1315 .

430 1330 557 1368 Tanta
575 1334 691 1368 etiam
715 1331 882 1369 suavitas
902 1331 951 1369 est
969 1331 1151 1369 sermonis
1170 1331 1313 1378 latini,
1344 1343 1388 1369 ut
1417 1345 1597 1382 appareat

427 1389 467 1422 in
485 1399 528 1423 eo
545 1388 718 1422 nativum
740 1387 941 1437 quemdam
960 1386 1129 1437 leporem
1150 1384 1223 1423 effe
1236 1409 1250 1431 ‚
1267 1399 1343 1423 non
1360 1384 1540 1429 ascitum,
1559 1387 1594 1422 ὅ(

427 1440 505 1490 Jarn
523 1453 601 1476 aevo
621 1438 823 1477 Theodofii
840 1439 997 1477 desitum
1016 1465 1028 1485 3
1059 1454 1135 1491 quo
1161 1453 1235 1476 non
1258 1452 1389 1489 parum
1412 1440 1595 1477 inclinata

429 1505 507 1529 erat
538 1493 686 1530 latiaris
715 1495 935 1545 eloquentia
954 1521 962 1528 .
998 1493 1213 1530 AEmilium
1243 1506 1371 1530 autem
1397 1493 1556 1530 Probum
1583 1518 1597 1537 ‚

430 1548 536 1597 cujus
554 1550 710 1583 nomine
726 1546 992 1585 circumfertur
1008 1547 1070 1584 hic
1087 1545 1419 1593 liber,Theodofio
1436 1561 1598 1598 regnan-

429 1612 466 1636 te
502 1600 637 1637 vixisse
655 1624 667 1645 ,
696 1602 731 1637 ὅ(
758 1600 909 1652 hujusce
940 1601 1030 1638 libri
1064 1600 1334 1651 exscriptorem
1367 1604 1496 1652 potius
1526 1600 1598 1638 effe

432 1667 546 1704 quam
567 1654 759 1691 aue‘torem
779 1679 791 1700 ,
822 1667 930 1706 patet
948 1668 992 1692 ex
1009 1654 1069 1692 his
1087 1654 1278 1693 verfibus:

427 1758 522 1797 Vade
550 1758 634 1796 llber
661 1761 768 1807 noster
786 1785 798 1807 ,
828 1761 907 1802 fato
933 1761 1072 1798 meliore
1099 1772 1264 1798 memento
1282 1777 1296 1798 .-

480 1818 570 1849 Cum
597 1812 682 1860 leget
708 1815 776 1850 inec
803 1814 964 1852 dominus
982 1840 995 1862 ‚
1023 1826 1057 1852 te
1075 1816 1175 1866 sciat
1205 1816 1268 1864 effi*
1292 1829 1402 1852 meum
1421 1843 1428 1850 .

429 1872 487 1903 Ne
516 1870 641 1903 timeas
660 1867 771 1914 fltlvo
789 1869 934 1915 striilos
961 1869 1161 1906 diademate
1186 1873 1298 1905 crines
1316 1893 1329 1916 ‚

484 1919 651 1968 Ridentes
677 1921 842 1958 blandum
868 1923 928 1960 vel
946 1927 1085 1972 pietate
1111 1923 1226 1960 oculos
1242 1951 1251 1960 .

430 1977 631 2011 Communis
658 1975 796 2012 cunHis
815 2000 828 2022 ,
856 1976 1023 2013 bominem
1041 1977 1080 2026 s}
1106 1990 1207 2026 regna
1234 1987 1346 2014 tenere

481 2026 552 2065 Sed
575 2032 764 2077 meminit3
794 2033 910 2068 vincit
936 2030 1017 2068 hinc
1043 2035 1154 2081 magis
1182 2030 1243 2068 ille
1268 2030 1419 2069 homines
1438 2058 1446 2066 .

1409 2092 1544 2124 ornen-
