<?xml version="1.0" encoding="UTF-8"?>
<!DOCTYPE html PUBLIC "-//W3C//DTD XHTML 1.0 Transitional//EN"
    "http://www.w3.org/TR/xhtml1/DTD/xhtml1-transitional.dtd">
<html xmlns="http://www.w3.org/1999/xhtml" xml:lang="en" lang="en">
 <head>
  <title>
</title>
<meta http-equiv="Content-Type" content="text/html;charset=utf-8" />
  <meta name='ocr-system' content='tesseract 3.04.00' />
  <meta name='ocr-capabilities' content='ocr_page ocr_carea ocr_par ocr_line ocrx_word'/>
</head>
<body>
  <div class='ocr_page' id='page_1' title='image "./quaeexstantomnia00nepouoft_0158.png"; bbox 0 0 1714 2719; ppageno 0'>
   <div class='ocr_carea' id='block_1_1' title="bbox 463 143 1358 185">
    <p class='ocr_par' dir='ltr' id='par_1_1' title="bbox 463 143 1358 185">
     <span class='ocr_line' id='line_1_1' title="bbox 463 143 1358 185; baseline 0 -1"><span class='ocrx_word' id='word_1_1' title='bbox 463 149 530 184; x_wconf 85' lang='lat'>118</span> <span class='ocrx_word' id='word_1_2' title='bbox 614 143 986 185; x_wconf 87' lang='lat' dir='ltr'>CORNELII</span> <span class='ocrx_word' id='word_1_3' title='bbox 1042 145 1358 184; x_wconf 88' lang='lat' dir='ltr'>NEPOTIS</span> 
     </span>
    </p>
   </div>
   <div class='ocr_carea' id='block_1_2' title="bbox 388 225 1568 2142">
    <p class='ocr_par' dir='ltr' id='par_1_2' title="bbox 388 225 1568 2142">
     <span class='ocr_line' id='line_1_2' title="bbox 403 225 1562 281; baseline 0 -15"><span class='ocrx_word' id='word_1_4' title='bbox 403 229 463 267; x_wconf 86' lang='lat' dir='ltr'>M.</span> <span class='ocrx_word' id='word_1_5' title='bbox 484 228 682 266; x_wconf 86' lang='lat' dir='ltr'>Antonius</span> <span class='ocrx_word' id='word_1_6' title='bbox 699 228 882 264; x_wconf 86' lang='lat' dir='ltr'>triumvir</span> <span class='ocrx_word' id='word_1_7' title='bbox 897 225 1114 276; x_wconf 83' lang='lat' dir='ltr'>reipublicae</span> <span class='ocrx_word' id='word_1_8' title='bbox 1135 226 1403 264; x_wconf 86' lang='lat' dir='ltr'>constituendae</span> <span class='ocrx_word' id='word_1_9' title='bbox 1422 243 1428 264; x_wconf 91' lang='lat'>:</span> <span class='ocrx_word' id='word_1_10' title='bbox 1458 232 1562 281; x_wconf 73' lang='lat' dir='ltr'>cujus</span> 
     </span>
     <span class='ocr_line' id='line_1_3' title="bbox 401 279 1565 334; baseline -0.004 -15"><span class='ocrx_word' id='word_1_11' title='bbox 401 286 524 334; x_wconf 74' lang='lat' dir='ltr'>gratia</span> <span class='ocrx_word' id='word_1_12' title='bbox 542 296 627 319; x_wconf 87' lang='lat' dir='ltr'>cum</span> <span class='ocrx_word' id='word_1_13' title='bbox 644 294 781 332; x_wconf 88' lang='lat' dir='ltr'>augere</span> <span class='ocrx_word' id='word_1_14' title='bbox 796 279 1034 331; x_wconf 79' lang='lat' dir='ltr'>poffeffiones</span> <span class='ocrx_word' id='word_1_15' title='bbox 1051 279 1170 330; x_wconf 77' lang='lat' dir='ltr'>posset</span> <span class='ocrx_word' id='word_1_16' title='bbox 1189 279 1270 318; x_wconf 80' lang='lat' dir='ltr'>suas</span> <span class='ocrx_word' id='word_1_17' title='bbox 1287 304 1300 326; x_wconf 84' lang='lat'>‚</span> <span class='ocrx_word' id='word_1_18' title='bbox 1331 292 1482 317; x_wconf 87' lang='lat' dir='ltr'>tantum</span> <span class='ocrx_word' id='word_1_19' title='bbox 1499 283 1565 321; x_wconf 78' lang='lat' dir='ltr'>ab-</span> 
     </span>
     <span class='ocr_line' id='line_1_4' title="bbox 400 333 1565 385; baseline 0 -13"><span class='ocrx_word' id='word_1_20' title='bbox 400 336 476 373; x_wconf 80' lang='lat' dir='ltr'>suit</span> <span class='ocrx_word' id='word_1_21' title='bbox 493 350 512 373; x_wconf 91' lang='lat' dir='ltr'>a</span> <span class='ocrx_word' id='word_1_22' title='bbox 530 335 742 385; x_wconf 82' lang='lat' dir='ltr'>cupiditate</span> <span class='ocrx_word' id='word_1_23' title='bbox 772 335 937 384; x_wconf 72' lang='lat' dir='ltr'>pecuniae</span> <span class='ocrx_word' id='word_1_24' title='bbox 953 357 966 379; x_wconf 85' lang='lat'>,</span> <span class='ocrx_word' id='word_1_25' title='bbox 996 346 1037 370; x_wconf 91' lang='lat' dir='ltr'>ut</span> <span class='ocrx_word' id='word_1_26' title='bbox 1055 334 1162 371; x_wconf 85' lang='lat' dir='ltr'>nulla</span> <span class='ocrx_word' id='word_1_27' title='bbox 1195 337 1231 370; x_wconf 89' lang='lat' dir='ltr'>in</span> <span class='ocrx_word' id='word_1_28' title='bbox 1253 348 1290 370; x_wconf 89' lang='lat' dir='ltr'>re</span> <span class='ocrx_word' id='word_1_29' title='bbox 1308 333 1391 371; x_wconf 88' lang='lat' dir='ltr'>usus</span> <span class='ocrx_word' id='word_1_30' title='bbox 1422 334 1466 371; x_wconf 84' lang='lat' dir='ltr'>fit</span> <span class='ocrx_word' id='word_1_31' title='bbox 1488 349 1529 372; x_wconf 82' lang='lat' dir='ltr'>ea</span> <span class='ocrx_word' id='word_1_32' title='bbox 1550 359 1565 382; x_wconf 84' lang='lat'>‚</span> 
     </span>
     <span class='ocr_line' id='line_1_5' title="bbox 401 388 1564 438; baseline -0.002 -12"><span class='ocrx_word' id='word_1_33' title='bbox 401 390 469 427; x_wconf 80' lang='lat' dir='ltr'>nifi</span> <span class='ocrx_word' id='word_1_34' title='bbox 489 392 527 426; x_wconf 86' lang='lat' dir='ltr'>in</span> <span class='ocrx_word' id='word_1_35' title='bbox 545 389 792 438; x_wconf 85' lang='lat' dir='ltr'>deprecandis</span> <span class='ocrx_word' id='word_1_36' title='bbox 807 390 1018 424; x_wconf 88' lang='lat' dir='ltr'>amicorum</span> <span class='ocrx_word' id='word_1_37' title='bbox 1035 399 1100 424; x_wconf 92' lang='lat' dir='ltr'>aut</span> <span class='ocrx_word' id='word_1_38' title='bbox 1118 388 1316 438; x_wconf 87' lang='lat' dir='ltr'>periculis,</span> <span class='ocrx_word' id='word_1_39' title='bbox 1329 398 1395 424; x_wconf 79' lang='lat' dir='ltr'>aut</span> <span class='ocrx_word' id='word_1_40' title='bbox 1414 390 1564 425; x_wconf 89' lang='lat' dir='ltr'>incom-</span> 
     </span>
     <span class='ocr_line' id='line_1_6' title="bbox 401 438 1568 496; baseline -0.003 -16"><span class='ocrx_word' id='word_1_41' title='bbox 401 443 526 480; x_wconf 82' lang='lat' dir='ltr'>modis</span> <span class='ocrx_word' id='word_1_42' title='bbox 544 470 552 478; x_wconf 90' lang='lat'>.</span> <span class='ocrx_word' id='word_1_43' title='bbox 583 443 699 496; x_wconf 90' lang='lat' dir='ltr'>Quod</span> <span class='ocrx_word' id='word_1_44' title='bbox 717 441 870 492; x_wconf 87' lang='lat' dir='ltr'>quidem</span> <span class='ocrx_word' id='word_1_45' title='bbox 901 438 967 476; x_wconf 87' lang='lat' dir='ltr'>sub</span> <span class='ocrx_word' id='word_1_46' title='bbox 983 439 1062 486; x_wconf 91' lang='lat' dir='ltr'>ipsa</span> <span class='ocrx_word' id='word_1_47' title='bbox 1094 440 1372 491; x_wconf 85' lang='lat' dir='ltr'>proscriptione</span> <span class='ocrx_word' id='word_1_48' title='bbox 1405 442 1568 491; x_wconf 83' lang='lat' dir='ltr'>perillu-</span> 
     </span>
     <span class='ocr_line' id='line_1_7' title="bbox 400 492 1566 545; baseline -0.002 -12"><span class='ocrx_word' id='word_1_49' title='bbox 400 495 471 533; x_wconf 88' lang='lat' dir='ltr'>stre</span> <span class='ocrx_word' id='word_1_50' title='bbox 487 496 562 532; x_wconf 88' lang='lat' dir='ltr'>suit</span> <span class='ocrx_word' id='word_1_51' title='bbox 578 523 586 532; x_wconf 89' lang='lat'><strong>.</strong></span> <span class='ocrx_word' id='word_1_52' title='bbox 605 497 709 534; x_wconf 88' lang='lat' dir='ltr'>Nam</span> <span class='ocrx_word' id='word_1_53' title='bbox 725 508 809 532; x_wconf 90' lang='lat' dir='ltr'>cum</span> <span class='ocrx_word' id='word_1_54' title='bbox 830 492 876 530; x_wconf 86' lang='lat' dir='ltr'>L.</span> <span class='ocrx_word' id='word_1_55' title='bbox 895 492 1055 543; x_wconf 83' lang='lat' dir='ltr'>Saufeji,</span> <span class='ocrx_word' id='word_1_56' title='bbox 1071 497 1212 544; x_wconf 80' lang='lat' dir='ltr'>equitis</span> <span class='ocrx_word' id='word_1_57' title='bbox 1231 494 1426 540; x_wconf 75' lang='lat' dir='ltr'>Romani,</span> <span class='ocrx_word' id='word_1_58' title='bbox 1443 509 1566 545; x_wconf 86' lang='lat' dir='ltr'>aequa·</span> 
     </span>
     <span class='ocr_line' id='line_1_8' title="bbox 401 545 1567 601; baseline -0.001 -15"><span class='ocrx_word' id='word_1_59' title='bbox 401 550 451 587; x_wconf 88' lang='lat' dir='ltr'>lis</span> <span class='ocrx_word' id='word_1_60' title='bbox 468 549 522 586; x_wconf 85' lang='lat' dir='ltr'>sui</span> <span class='ocrx_word' id='word_1_61' title='bbox 540 574 553 595; x_wconf 88' lang='lat'>,</span> <span class='ocrx_word' id='word_1_62' title='bbox 583 553 649 601; x_wconf 90' lang='lat' dir='ltr'>qui</span> <span class='ocrx_word' id='word_1_63' title='bbox 665 547 880 597; x_wconf 83' lang='lat' dir='ltr'>complures</span> <span class='ocrx_word' id='word_1_64' title='bbox 907 559 1029 583; x_wconf 83' lang='lat' dir='ltr'>annos</span> <span class='ocrx_word' id='word_1_65' title='bbox 1047 570 1060 590; x_wconf 86' lang='lat'><strong>‚</strong></span> <span class='ocrx_word' id='word_1_66' title='bbox 1090 545 1212 584; x_wconf 89' lang='lat' dir='ltr'>studio</span> <span class='ocrx_word' id='word_1_67' title='bbox 1228 547 1361 585; x_wconf 58' lang='lat' dir='ltr'>duffiius</span> <span class='ocrx_word' id='word_1_68' title='bbox 1393 548 1567 598; x_wconf 86' lang='lat' dir='ltr'>philoso-</span> 
     </span>
     <span class='ocr_line' id='line_1_9' title="bbox 399 598 1567 654; baseline -0.001 -14"><span class='ocrx_word' id='word_1_69' title='bbox 399 605 493 654; x_wconf 76' lang='lat' dir='ltr'>phiae</span> <span class='ocrx_word' id='word_1_70' title='bbox 511 627 524 648; x_wconf 84' lang='lat'>,</span> <span class='ocrx_word' id='word_1_71' title='bbox 553 602 723 640; x_wconf 85' lang='lat' dir='ltr'>Athenis</span> <span class='ocrx_word' id='word_1_72' title='bbox 754 599 952 636; x_wconf 75' lang='lat' dir='ltr'>habitabat</span> <span class='ocrx_word' id='word_1_73' title='bbox 970 623 983 644; x_wconf 63' lang='lat'>3</span> <span class='ocrx_word' id='word_1_74' title='bbox 1012 598 1252 650; x_wconf 82' lang='lat' dir='ltr'>habebatque</span> <span class='ocrx_word' id='word_1_75' title='bbox 1277 605 1314 637; x_wconf 93' lang='lat' dir='ltr'>in</span> <span class='ocrx_word' id='word_1_76' title='bbox 1345 600 1460 638; x_wconf 88' lang='lat' dir='ltr'>Italia</span> <span class='ocrx_word' id='word_1_77' title='bbox 1482 616 1567 652; x_wconf 85' lang='lat' dir='ltr'>pre-</span> 
     </span>
     <span class='ocr_line' id='line_1_10' title="bbox 400 652 1567 706; baseline -0.002 -13"><span class='ocrx_word' id='word_1_78' title='bbox 400 656 517 693; x_wconf 74' lang='lat' dir='ltr'>tiosas</span> <span class='ocrx_word' id='word_1_79' title='bbox 534 655 771 706; x_wconf 83' lang='lat' dir='ltr'>posseffiones</span> <span class='ocrx_word' id='word_1_80' title='bbox 788 676 801 697; x_wconf 86' lang='lat'>,</span> <span class='ocrx_word' id='word_1_81' title='bbox 831 653 1025 689; x_wconf 71' lang='lat' dir='ltr'>trIumviri</span> <span class='ocrx_word' id='word_1_82' title='bbox 1041 652 1139 688; x_wconf 87' lang='lat' dir='ltr'>bona</span> <span class='ocrx_word' id='word_1_83' title='bbox 1159 653 1415 691; x_wconf 80' lang='lat' dir='ltr'>vendidissent</span> <span class='ocrx_word' id='word_1_84' title='bbox 1432 678 1445 699; x_wconf 82' lang='lat'>,</span> <span class='ocrx_word' id='word_1_85' title='bbox 1474 670 1567 693; x_wconf 91' lang='lat' dir='ltr'>con-</span> 
     </span>
     <span class='ocr_line' id='line_1_11' title="bbox 400 704 1564 758; baseline -0.002 -11"><span class='ocrx_word' id='word_1_86' title='bbox 400 709 600 747; x_wconf 83' lang='lat' dir='ltr'>suetudine</span> <span class='ocrx_word' id='word_1_87' title='bbox 615 722 656 745; x_wconf 85' lang='lat' dir='ltr'>ea</span> <span class='ocrx_word' id='word_1_88' title='bbox 677 720 749 758; x_wconf 90' lang='lat' dir='ltr'>qua</span> <span class='ocrx_word' id='word_1_89' title='bbox 767 719 849 742; x_wconf 88' lang='lat' dir='ltr'>turn</span> <span class='ocrx_word' id='word_1_90' title='bbox 879 717 938 742; x_wconf 87' lang='lat' dir='ltr'>res</span> <span class='ocrx_word' id='word_1_91' title='bbox 955 704 1184 755; x_wconf 82' lang='lat' dir='ltr'>gerebantur</span> <span class='ocrx_word' id='word_1_92' title='bbox 1203 719 1215 749; x_wconf 73' lang='lat'>3</span> <span class='ocrx_word' id='word_1_93' title='bbox 1245 706 1375 743; x_wconf 85' lang='lat' dir='ltr'>Attici</span> <span class='ocrx_word' id='word_1_94' title='bbox 1402 707 1533 745; x_wconf 80' lang='lat' dir='ltr'>labore</span> <span class='ocrx_word' id='word_1_95' title='bbox 1550 732 1564 754; x_wconf 88' lang='lat'>,</span> 
     </span>
     <span class='ocr_line' id='line_1_12' title="bbox 398 757 1565 813; baseline -0.002 -14"><span class='ocrx_word' id='word_1_96' title='bbox 398 775 516 813; x_wconf 80' lang='lat' dir='ltr'>atque</span> <span class='ocrx_word' id='word_1_97' title='bbox 546 760 728 799; x_wconf 87' lang='lat' dir='ltr'>industria</span> <span class='ocrx_word' id='word_1_98' title='bbox 761 758 904 796; x_wconf 53' lang='lat' dir='ltr'>fastum</span> <span class='ocrx_word' id='word_1_99' title='bbox 936 757 988 794; x_wconf 88' lang='lat' dir='ltr'>est</span> <span class='ocrx_word' id='word_1_100' title='bbox 1005 769 1047 794; x_wconf 94' lang='lat' dir='ltr'>ut</span> <span class='ocrx_word' id='word_1_101' title='bbox 1073 759 1206 795; x_wconf 86' lang='lat' dir='ltr'>eodem</span> <span class='ocrx_word' id='word_1_102' title='bbox 1237 762 1375 796; x_wconf 87' lang='lat' dir='ltr'>nuntio</span> <span class='ocrx_word' id='word_1_103' title='bbox 1392 760 1565 811; x_wconf 82' lang='lat' dir='ltr'>Sausejus</span> 
     </span>
     <span class='ocr_line' id='line_1_13' title="bbox 400 811 1568 863; baseline -0.002 -10"><span class='ocrx_word' id='word_1_104' title='bbox 400 816 506 853; x_wconf 85' lang='lat' dir='ltr'>fieret</span> <span class='ocrx_word' id='word_1_105' title='bbox 524 816 663 853; x_wconf 86' lang='lat' dir='ltr'>certior</span> <span class='ocrx_word' id='word_1_106' title='bbox 681 838 694 859; x_wconf 80' lang='lat'>,</span> <span class='ocrx_word' id='word_1_107' title='bbox 724 812 760 850; x_wconf 92' lang='lat' dir='ltr'>se</span> <span class='ocrx_word' id='word_1_108' title='bbox 776 814 1054 862; x_wconf 82' lang='lat' dir='ltr'>patrimonium</span> <span class='ocrx_word' id='word_1_109' title='bbox 1070 811 1231 849; x_wconf 74' lang='lat' dir='ltr'>amisisse</span> <span class='ocrx_word' id='word_1_110' title='bbox 1248 835 1259 858; x_wconf 84' lang='lat'>,</span> <span class='ocrx_word' id='word_1_111' title='bbox 1290 814 1326 848; x_wconf 70' lang='grc' dir='ltr'>ὃ(</span> <span class='ocrx_word' id='word_1_112' title='bbox 1352 813 1568 863; x_wconf 86' lang='lat' dir='ltr'>recuperas-</span> 
     </span>
     <span class='ocr_line' id='line_1_14' title="bbox 397 865 1564 917; baseline -0.001 -11"><span class='ocrx_word' id='word_1_113' title='bbox 397 868 436 906; x_wconf 89' lang='lat' dir='ltr'>se</span> <span class='ocrx_word' id='word_1_114' title='bbox 453 896 461 904; x_wconf 89' lang='lat'><strong><em>.</em></strong></span> <span class='ocrx_word' id='word_1_115' title='bbox 494 867 600 906; x_wconf 86' lang='lat' dir='ltr'>Idem</span> <span class='ocrx_word' id='word_1_116' title='bbox 620 866 666 905; x_wconf 92' lang='lat' dir='ltr'>L.</span> <span class='ocrx_word' id='word_1_117' title='bbox 685 867 829 917; x_wconf 88' lang='lat' dir='ltr'>Julium</span> <span class='ocrx_word' id='word_1_118' title='bbox 844 865 1046 902; x_wconf 86' lang='lat' dir='ltr'>Calidium</span> <span class='ocrx_word' id='word_1_119' title='bbox 1064 888 1076 910; x_wconf 86' lang='lat'>‚</span> <span class='ocrx_word' id='word_1_120' title='bbox 1107 879 1218 916; x_wconf 87' lang='lat' dir='ltr'>quern</span> <span class='ocrx_word' id='word_1_121' title='bbox 1237 889 1249 911; x_wconf 85' lang='lat'>,</span> <span class='ocrx_word' id='word_1_122' title='bbox 1280 865 1359 915; x_wconf 88' lang='lat' dir='ltr'>post</span> <span class='ocrx_word' id='word_1_123' title='bbox 1391 865 1564 905; x_wconf 85' lang='lat' dir='ltr'>Lucretii</span> 
     </span>
     <span class='ocr_line' id='line_1_15' title="bbox 399 918 1567 973; baseline 0 -15"><span class='ocrx_word' id='word_1_124' title='bbox 399 922 629 973; x_wconf 82' lang='lat' dir='ltr'>Catullique</span> <span class='ocrx_word' id='word_1_125' title='bbox 646 933 828 965; x_wconf 77' lang='lat' dir='ltr'>mortem,</span> <span class='ocrx_word' id='word_1_126' title='bbox 843 919 969 956; x_wconf 88' lang='lat' dir='ltr'>multo</span> <span class='ocrx_word' id='word_1_127' title='bbox 985 918 1303 969; x_wconf 85' lang='lat' dir='ltr'>elegantiffimum</span> <span class='ocrx_word' id='word_1_128' title='bbox 1323 925 1476 970; x_wconf 67' lang='lat' dir='ltr'>poetam</span> <span class='ocrx_word' id='word_1_129' title='bbox 1496 936 1567 958; x_wconf 90' lang='lat' dir='ltr'>no-</span> 
     </span>
     <span class='ocr_line' id='line_1_16' title="bbox 399 972 1564 1022; baseline -0.002 -10"><span class='ocrx_word' id='word_1_130' title='bbox 399 975 511 1012; x_wconf 85' lang='lat' dir='ltr'>stram</span> <span class='ocrx_word' id='word_1_131' title='bbox 529 974 657 1012; x_wconf 73' lang='lat' dir='ltr'>tulisse</span> <span class='ocrx_word' id='word_1_132' title='bbox 686 985 833 1011; x_wconf 85' lang='lat' dir='ltr'>aetatem</span> <span class='ocrx_word' id='word_1_133' title='bbox 853 997 866 1018; x_wconf 84' lang='lat'>,</span> <span class='ocrx_word' id='word_1_134' title='bbox 897 986 984 1010; x_wconf 88' lang='lat' dir='ltr'>vere</span> <span class='ocrx_word' id='word_1_135' title='bbox 1010 972 1144 1009; x_wconf 82' lang='lat' dir='ltr'>videor</span> <span class='ocrx_word' id='word_1_136' title='bbox 1172 972 1275 1022; x_wconf 83' lang='lat' dir='ltr'>posse</span> <span class='ocrx_word' id='word_1_137' title='bbox 1305 975 1534 1011; x_wconf 80' lang='lat' dir='ltr'>contendere</span> <span class='ocrx_word' id='word_1_138' title='bbox 1551 997 1564 1019; x_wconf 85' lang='lat'>‚</span> 
     </span>
     <span class='ocr_line' id='line_1_17' title="bbox 399 1025 1566 1079; baseline -0.002 -13"><span class='ocrx_word' id='word_1_139' title='bbox 399 1043 522 1079; x_wconf 86' lang='lat' dir='ltr'>neque</span> <span class='ocrx_word' id='word_1_140' title='bbox 539 1031 667 1065; x_wconf 84' lang='lat' dir='ltr'>minus</span> <span class='ocrx_word' id='word_1_141' title='bbox 686 1031 811 1064; x_wconf 88' lang='lat' dir='ltr'>virum</span> <span class='ocrx_word' id='word_1_142' title='bbox 830 1027 969 1063; x_wconf 87' lang='lat' dir='ltr'>bonum</span> <span class='ocrx_word' id='word_1_143' title='bbox 988 1049 1002 1070; x_wconf 82' lang='lat'>,</span> <span class='ocrx_word' id='word_1_144' title='bbox 1027 1025 1262 1076; x_wconf 82' lang='lat' dir='ltr'>optimisque</span> <span class='ocrx_word' id='word_1_145' title='bbox 1277 1027 1423 1063; x_wconf 82' lang='lat' dir='ltr'>artibus</span> <span class='ocrx_word' id='word_1_146' title='bbox 1438 1028 1566 1064; x_wconf 79' lang='lat' dir='ltr'>erudi-</span> 
     </span>
     <span class='ocr_line' id='line_1_18' title="bbox 397 1081 1565 1131; baseline -0.001 -13"><span class='ocrx_word' id='word_1_147' title='bbox 397 1095 480 1119; x_wconf 89' lang='lat' dir='ltr'>tum</span> <span class='ocrx_word' id='word_1_148' title='bbox 498 1105 511 1127; x_wconf 85' lang='lat'>,</span> <span class='ocrx_word' id='word_1_149' title='bbox 540 1081 620 1131; x_wconf 82' lang='lat' dir='ltr'>post</span> <span class='ocrx_word' id='word_1_150' title='bbox 639 1081 956 1130; x_wconf 84' lang='lat' dir='ltr'>proscriptionem</span> <span class='ocrx_word' id='word_1_151' title='bbox 987 1081 1158 1128; x_wconf 85' lang='lat' dir='ltr'>equitum</span> <span class='ocrx_word' id='word_1_152' title='bbox 1178 1102 1190 1122; x_wconf 79' lang='lat'>,</span> <span class='ocrx_word' id='word_1_153' title='bbox 1220 1092 1376 1129; x_wconf 87' lang='lat' dir='ltr'>propter</span> <span class='ocrx_word' id='word_1_154' title='bbox 1405 1094 1565 1130; x_wconf 79' lang='lat' dir='ltr'>magnas</span> 
     </span>
     <span class='ocr_line' id='line_1_19' title="bbox 397 1130 1567 1185; baseline -0.001 -14"><span class='ocrx_word' id='word_1_155' title='bbox 397 1137 478 1185; x_wconf 83' lang='lat' dir='ltr'>ejus</span> <span class='ocrx_word' id='word_1_156' title='bbox 498 1132 706 1171; x_wconf 82' lang='lat' dir='ltr'>Africanas</span> <span class='ocrx_word' id='word_1_157' title='bbox 737 1132 975 1182; x_wconf 77' lang='lat' dir='ltr'>poffeffiones</span> <span class='ocrx_word' id='word_1_158' title='bbox 994 1154 1006 1175; x_wconf 88' lang='lat'>,</span> <span class='ocrx_word' id='word_1_159' title='bbox 1037 1133 1076 1166; x_wconf 90' lang='lat' dir='ltr'>in</span> <span class='ocrx_word' id='word_1_160' title='bbox 1108 1130 1406 1182; x_wconf 85' lang='lat' dir='ltr'>proscriptorum</span> <span class='ocrx_word' id='word_1_161' title='bbox 1433 1146 1567 1170; x_wconf 90' lang='lat' dir='ltr'>nume-</span> 
     </span>
     <span class='ocr_line' id='line_1_20' title="bbox 400 1183 1567 1235; baseline -0.002 -10"><span class='ocrx_word' id='word_1_162' title='bbox 400 1200 484 1225; x_wconf 88' lang='lat' dir='ltr'>rum</span> <span class='ocrx_word' id='word_1_163' title='bbox 501 1201 522 1224; x_wconf 88' lang='lat' dir='ltr'>a</span> <span class='ocrx_word' id='word_1_164' title='bbox 539 1187 581 1225; x_wconf 86' lang='lat' dir='ltr'>P.</span> <span class='ocrx_word' id='word_1_165' title='bbox 614 1185 828 1224; x_wconf 86' lang='lat' dir='ltr'>Volumnio</span> <span class='ocrx_word' id='word_1_166' title='bbox 846 1209 858 1230; x_wconf 80' lang='lat'>,</span> <span class='ocrx_word' id='word_1_167' title='bbox 888 1184 1064 1235; x_wconf 63' lang='lat' dir='ltr'>praefeSw</span> <span class='ocrx_word' id='word_1_168' title='bbox 1097 1183 1245 1221; x_wconf 70' lang='lat' dir='ltr'>fabrum</span> <span class='ocrx_word' id='word_1_169' title='bbox 1265 1185 1435 1222; x_wconf 83' lang='lat' dir='ltr'>Antonii</span> <span class='ocrx_word' id='word_1_170' title='bbox 1452 1210 1465 1231; x_wconf 86' lang='lat'>,</span> <span class='ocrx_word' id='word_1_171' title='bbox 1495 1186 1567 1223; x_wconf 87' lang='lat' dir='ltr'>ab·</span> 
     </span>
     <span class='ocr_line' id='line_1_21' title="bbox 398 1237 1563 1298; baseline -0.002 -20"><span class='ocrx_word' id='word_1_172' title='bbox 398 1241 543 1279; x_wconf 86' lang='lat' dir='ltr'>sentem</span> <span class='ocrx_word' id='word_1_173' title='bbox 560 1241 724 1278; x_wconf 85' lang='lat' dir='ltr'>relatum</span> <span class='ocrx_word' id='word_1_174' title='bbox 743 1264 756 1286; x_wconf 82' lang='lat'>,</span> <span class='ocrx_word' id='word_1_175' title='bbox 787 1240 985 1290; x_wconf 82' lang='lat' dir='ltr'>expedivit</span> <span class='ocrx_word' id='word_1_176' title='bbox 1002 1266 1010 1273; x_wconf 93' lang='lat'><strong>.</strong></span> <span class='ocrx_word' id='word_1_177' title='bbox 1042 1239 1158 1298; x_wconf 73' lang='lat' dir='ltr'>Qlod</span> <span class='ocrx_word' id='word_1_178' title='bbox 1178 1241 1215 1274; x_wconf 89' lang='lat' dir='ltr'>in</span> <span class='ocrx_word' id='word_1_179' title='bbox 1234 1237 1403 1288; x_wconf 62' lang='lat' dir='ltr'>praesenti</span> <span class='ocrx_word' id='word_1_180' title='bbox 1436 1251 1563 1276; x_wconf 83' lang='lat' dir='ltr'>utrum</span> 
     </span>
     <span class='ocr_line' id='line_1_22' title="bbox 398 1290 1565 1344; baseline -0.002 -13"><span class='ocrx_word' id='word_1_181' title='bbox 398 1298 434 1332; x_wconf 88' lang='lat' dir='ltr'>ei</span> <span class='ocrx_word' id='word_1_182' title='bbox 453 1294 676 1331; x_wconf 76' lang='lat' dir='ltr'>laboriosius</span> <span class='ocrx_word' id='word_1_183' title='bbox 693 1318 705 1339; x_wconf 85' lang='lat'>,</span> <span class='ocrx_word' id='word_1_184' title='bbox 734 1307 782 1330; x_wconf 87' lang='lat' dir='ltr'>an</span> <span class='ocrx_word' id='word_1_185' title='bbox 803 1292 1002 1344; x_wconf 74' lang='lat' dir='ltr'>gloriosius</span> <span class='ocrx_word' id='word_1_186' title='bbox 1018 1290 1134 1328; x_wconf 86' lang='lat' dir='ltr'>fuerit</span> <span class='ocrx_word' id='word_1_187' title='bbox 1151 1316 1163 1337; x_wconf 86' lang='lat'>,</span> <span class='ocrx_word' id='word_1_188' title='bbox 1195 1293 1350 1328; x_wconf 82' lang='lat' dir='ltr'>difficile</span> <span class='ocrx_word' id='word_1_189' title='bbox 1371 1291 1446 1329; x_wconf 89' lang='lat' dir='ltr'>fuit</span> <span class='ocrx_word' id='word_1_190' title='bbox 1461 1294 1565 1343; x_wconf 85' lang='lat' dir='ltr'>judi-</span> 
     </span>
     <span class='ocr_line' id='line_1_23' title="bbox 395 1343 1563 1398; baseline -0.002 -13"><span class='ocrx_word' id='word_1_191' title='bbox 395 1362 481 1386; x_wconf 84' lang='lat' dir='ltr'>care</span> <span class='ocrx_word' id='word_1_192' title='bbox 499 1372 510 1393; x_wconf 91' lang='lat'>,</span> <span class='ocrx_word' id='word_1_193' title='bbox 541 1348 641 1398; x_wconf 91' lang='lat' dir='ltr'>quod</span> <span class='ocrx_word' id='word_1_194' title='bbox 672 1351 711 1384; x_wconf 87' lang='lat' dir='ltr'>in</span> <span class='ocrx_word' id='word_1_195' title='bbox 741 1360 871 1384; x_wconf 85' lang='lat' dir='ltr'>eorum</span> <span class='ocrx_word' id='word_1_196' title='bbox 902 1345 1084 1396; x_wconf 83' lang='lat' dir='ltr'>periculis</span> <span class='ocrx_word' id='word_1_197' title='bbox 1102 1368 1115 1390; x_wconf 82' lang='lat'>,</span> <span class='ocrx_word' id='word_1_198' title='bbox 1145 1359 1220 1381; x_wconf 87' lang='lat' dir='ltr'>non</span> <span class='ocrx_word' id='word_1_199' title='bbox 1255 1343 1358 1383; x_wconf 88' lang='lat' dir='ltr'>secus</span> <span class='ocrx_word' id='word_1_200' title='bbox 1388 1345 1563 1384; x_wconf 85' lang='lat' dir='ltr'>absentes</span> 
     </span>
     <span class='ocr_line' id='line_1_24' title="bbox 396 1397 1563 1452; baseline 0 -15"><span class='ocrx_word' id='word_1_201' title='bbox 396 1415 511 1452; x_wconf 83' lang='lat' dir='ltr'>quam</span> <span class='ocrx_word' id='word_1_202' title='bbox 528 1399 727 1452; x_wconf 84' lang='lat' dir='ltr'>praesentes</span> <span class='ocrx_word' id='word_1_203' title='bbox 761 1402 906 1437; x_wconf 85' lang='lat' dir='ltr'>amicos</span> <span class='ocrx_word' id='word_1_204' title='bbox 935 1397 1075 1436; x_wconf 85' lang='lat' dir='ltr'>Attico</span> <span class='ocrx_word' id='word_1_205' title='bbox 1103 1398 1177 1435; x_wconf 78' lang='lat' dir='ltr'>else</span> <span class='ocrx_word' id='word_1_206' title='bbox 1209 1413 1302 1435; x_wconf 79' lang='lat' dir='ltr'>curae</span> <span class='ocrx_word' id='word_1_207' title='bbox 1321 1423 1334 1445; x_wconf 85' lang='lat'>‚</span> <span class='ocrx_word' id='word_1_208' title='bbox 1363 1402 1563 1451; x_wconf 85' lang='lat' dir='ltr'>cognitum</span> 
     </span>
     <span class='ocr_line' id='line_1_25' title="bbox 395 1454 473 1492; baseline -0.038 0"><span class='ocrx_word' id='word_1_209' title='bbox 395 1454 447 1492; x_wconf 80' lang='lat' dir='ltr'>est</span> <span class='ocrx_word' id='word_1_210' title='bbox 466 1482 473 1489; x_wconf 93' lang='lat'>.</span> 
     </span>
     <span class='ocr_line' id='line_1_26' title="bbox 449 1504 1562 1558; baseline 0 -14"><span class='ocrx_word' id='word_1_211' title='bbox 449 1505 563 1544; x_wconf 89' lang='lat' dir='ltr'>XIII.</span> <span class='ocrx_word' id='word_1_212' title='bbox 595 1506 732 1558; x_wconf 88' lang='lat' dir='ltr'>Neque</span> <span class='ocrx_word' id='word_1_213' title='bbox 748 1520 839 1544; x_wconf 85' lang='lat' dir='ltr'>vero</span> <span class='ocrx_word' id='word_1_214' title='bbox 854 1509 982 1544; x_wconf 88' lang='lat' dir='ltr'>minus</span> <span class='ocrx_word' id='word_1_215' title='bbox 1000 1505 1070 1542; x_wconf 91' lang='lat' dir='ltr'>ille</span> <span class='ocrx_word' id='word_1_216' title='bbox 1086 1508 1146 1543; x_wconf 90' lang='lat' dir='ltr'>vir</span> <span class='ocrx_word' id='word_1_217' title='bbox 1162 1529 1174 1551; x_wconf 85' lang='lat'>,</span> <span class='ocrx_word' id='word_1_218' title='bbox 1192 1504 1312 1543; x_wconf 91' lang='lat' dir='ltr'>bonus</span> <span class='ocrx_word' id='word_1_219' title='bbox 1330 1505 1562 1556; x_wconf 79' lang='lat' dir='ltr'>paterfami-</span> 
     </span>
     <span class='ocr_line' id='line_1_27' title="bbox 395 1557 1563 1611; baseline 0 -13"><span class='ocrx_word' id='word_1_220' title='bbox 395 1564 469 1599; x_wconf 89' lang='lat' dir='ltr'>lias</span> <span class='ocrx_word' id='word_1_221' title='bbox 487 1561 641 1598; x_wconf 83' lang='lat' dir='ltr'>habitus</span> <span class='ocrx_word' id='word_1_222' title='bbox 658 1560 709 1598; x_wconf 89' lang='lat' dir='ltr'>cst</span> <span class='ocrx_word' id='word_1_223' title='bbox 727 1574 840 1611; x_wconf 86' lang='lat' dir='ltr'>quam</span> <span class='ocrx_word' id='word_1_224' title='bbox 869 1562 966 1597; x_wconf 86' lang='lat' dir='ltr'>civis</span> <span class='ocrx_word' id='word_1_225' title='bbox 983 1587 992 1594; x_wconf 90' lang='lat'>.</span> <span class='ocrx_word' id='word_1_226' title='bbox 1022 1557 1126 1596; x_wconf 84' lang='lat' dir='ltr'>Nam</span> <span class='ocrx_word' id='word_1_227' title='bbox 1145 1573 1228 1596; x_wconf 84' lang='lat' dir='ltr'>cum</span> <span class='ocrx_word' id='word_1_228' title='bbox 1260 1558 1352 1597; x_wconf 79' lang='lat' dir='ltr'>effet</span> <span class='ocrx_word' id='word_1_229' title='bbox 1378 1564 1563 1611; x_wconf 89' lang='lat' dir='ltr'>pecunio-</span> 
     </span>
     <span class='ocr_line' id='line_1_28' title="bbox 395 1612 1558 1660; baseline -0.002 -7"><span class='ocrx_word' id='word_1_230' title='bbox 395 1616 454 1653; x_wconf 86' lang='lat' dir='ltr'>sus</span> <span class='ocrx_word' id='word_1_231' title='bbox 472 1639 484 1660; x_wconf 80' lang='lat'>,</span> <span class='ocrx_word' id='word_1_232' title='bbox 514 1629 626 1651; x_wconf 75' lang='lat' dir='ltr'>nemo</span> <span class='ocrx_word' id='word_1_233' title='bbox 645 1615 717 1651; x_wconf 90' lang='lat' dir='ltr'>illo</span> <span class='ocrx_word' id='word_1_234' title='bbox 743 1615 870 1650; x_wconf 86' lang='lat' dir='ltr'>minus</span> <span class='ocrx_word' id='word_1_235' title='bbox 890 1612 965 1650; x_wconf 88' lang='lat' dir='ltr'>fuit</span> <span class='ocrx_word' id='word_1_236' title='bbox 997 1626 1107 1649; x_wconf 71' lang='lat' dir='ltr'>emax-</span> <span class='ocrx_word' id='word_1_237' title='bbox 1125 1637 1138 1658; x_wconf 84' lang='lat'>,</span> <span class='ocrx_word' id='word_1_238' title='bbox 1168 1616 1294 1650; x_wconf 88' lang='lat' dir='ltr'>minus</span> <span class='ocrx_word' id='word_1_239' title='bbox 1326 1613 1532 1652; x_wconf 84' lang='lat' dir='ltr'>aedificator</span> <span class='ocrx_word' id='word_1_240' title='bbox 1549 1641 1558 1651; x_wconf 90' lang='lat'><strong>.</strong></span> 
     </span>
     <span class='ocr_line' id='line_1_29' title="bbox 392 1665 1558 1720; baseline 0 -15"><span class='ocrx_word' id='word_1_241' title='bbox 392 1667 530 1720; x_wconf 91' lang='lat' dir='ltr'>Neque</span> <span class='ocrx_word' id='word_1_242' title='bbox 547 1680 768 1705; x_wconf 87' lang='lat' dir='ltr'>tamennon</span> <span class='ocrx_word' id='word_1_243' title='bbox 788 1671 824 1704; x_wconf 91' lang='lat' dir='ltr'>in</span> <span class='ocrx_word' id='word_1_244' title='bbox 844 1669 977 1716; x_wconf 85' lang='lat' dir='ltr'>primis</span> <span class='ocrx_word' id='word_1_245' title='bbox 997 1665 1089 1703; x_wconf 88' lang='lat' dir='ltr'>bene</span> <span class='ocrx_word' id='word_1_246' title='bbox 1106 1666 1299 1703; x_wconf 80' lang='lat' dir='ltr'>habitavit</span> <span class='ocrx_word' id='word_1_247' title='bbox 1317 1691 1329 1713; x_wconf 86' lang='lat'>,</span> <span class='ocrx_word' id='word_1_248' title='bbox 1358 1667 1558 1705; x_wconf 79' lang='lat' dir='ltr'>omnibus-</span> 
     </span>
     <span class='ocr_line' id='line_1_30' title="bbox 391 1718 1558 1773; baseline -0.001 -14"><span class='ocrx_word' id='word_1_249' title='bbox 391 1737 466 1773; x_wconf 90' lang='lat' dir='ltr'>que</span> <span class='ocrx_word' id='word_1_250' title='bbox 489 1724 655 1771; x_wconf 78' lang='lat' dir='ltr'>optimiS</span> <span class='ocrx_word' id='word_1_251' title='bbox 684 1721 792 1758; x_wconf 87' lang='lat' dir='ltr'>rebus</span> <span class='ocrx_word' id='word_1_252' title='bbox 810 1720 894 1757; x_wconf 90' lang='lat' dir='ltr'>usus</span> <span class='ocrx_word' id='word_1_253' title='bbox 925 1719 974 1757; x_wconf 90' lang='lat' dir='ltr'>est</span> <span class='ocrx_word' id='word_1_254' title='bbox 993 1747 1000 1754; x_wconf 91' lang='lat'><em>.</em></span> <span class='ocrx_word' id='word_1_255' title='bbox 1032 1718 1138 1756; x_wconf 79' lang='lat' dir='ltr'>Nam</span> <span class='ocrx_word' id='word_1_256' title='bbox 1155 1721 1309 1757; x_wconf 84' lang='lat' dir='ltr'>domum</span> <span class='ocrx_word' id='word_1_257' title='bbox 1346 1720 1480 1758; x_wconf 83' lang='lat' dir='ltr'>habuit</span> <span class='ocrx_word' id='word_1_258' title='bbox 1517 1725 1558 1758; x_wconf 87' lang='lat' dir='ltr'>in</span> 
     </span>
     <span class='ocr_line' id='line_1_31' title="bbox 390 1774 1560 1829; baseline 0 -17"><span class='ocrx_word' id='word_1_259' title='bbox 390 1776 492 1813; x_wconf 90' lang='lat' dir='ltr'>colle</span> <span class='ocrx_word' id='word_1_260' title='bbox 509 1776 709 1829; x_wconf 80' lang='lat' dir='ltr'>Quirinali</span> <span class='ocrx_word' id='word_1_261' title='bbox 730 1774 1030 1824; x_wconf 79' lang='lat' dir='ltr'>Tamphilanam</span> <span class='ocrx_word' id='word_1_262' title='bbox 1049 1799 1062 1820; x_wconf 82' lang='lat'>,</span> <span class='ocrx_word' id='word_1_263' title='bbox 1092 1774 1139 1810; x_wconf 86' lang='lat' dir='ltr'>ab</span> <span class='ocrx_word' id='word_1_264' title='bbox 1156 1774 1348 1812; x_wconf 87' lang='lat' dir='ltr'>avunculo</span> <span class='ocrx_word' id='word_1_265' title='bbox 1365 1775 1560 1812; x_wconf 84' lang='lat' dir='ltr'>heredita-</span> 
     </span>
     <span class='ocr_line' id='line_1_32' title="bbox 392 1827 1555 1879; baseline -0.001 -12"><span class='ocrx_word' id='word_1_266' title='bbox 392 1842 432 1867; x_wconf 86' lang='lat' dir='ltr'>te</span> <span class='ocrx_word' id='word_1_267' title='bbox 461 1830 666 1873; x_wconf 52' lang='lat' dir='ltr'>relielanm</span> <span class='ocrx_word' id='word_1_268' title='bbox 696 1831 801 1879; x_wconf 84' lang='lat' dir='ltr'>cujus</span> <span class='ocrx_word' id='word_1_269' title='bbox 831 1830 1032 1864; x_wconf 74' lang='lat' dir='ltr'>amoenitas</span> <span class='ocrx_word' id='word_1_270' title='bbox 1050 1842 1126 1864; x_wconf 87' lang='lat' dir='ltr'>non</span> <span class='ocrx_word' id='word_1_271' title='bbox 1156 1827 1344 1874; x_wconf 78' lang='lat' dir='ltr'>aedificio,</span> <span class='ocrx_word' id='word_1_272' title='bbox 1375 1827 1436 1865; x_wconf 88' lang='lat' dir='ltr'>sed</span> <span class='ocrx_word' id='word_1_273' title='bbox 1462 1828 1555 1866; x_wconf 76' lang='lat' dir='ltr'>{ilva</span> 
     </span>
     <span class='ocr_line' id='line_1_33' title="bbox 389 1881 1556 1932; baseline -0.001 -12"><span class='ocrx_word' id='word_1_274' title='bbox 389 1882 612 1920; x_wconf 83' lang='lat' dir='ltr'>constabat:</span> <span class='ocrx_word' id='word_1_275' title='bbox 642 1881 764 1932; x_wconf 85' lang='lat' dir='ltr'>ipsum</span> <span class='ocrx_word' id='word_1_276' title='bbox 796 1885 898 1918; x_wconf 82' lang='lat' dir='ltr'>enim</span> <span class='ocrx_word' id='word_1_277' title='bbox 929 1881 1071 1918; x_wconf 74' lang='lat' dir='ltr'>tee‘hnn</span> <span class='ocrx_word' id='word_1_278' title='bbox 1089 1905 1102 1925; x_wconf 72' lang='lat'>‚</span> <span class='ocrx_word' id='word_1_279' title='bbox 1131 1884 1349 1931; x_wconf 82' lang='lat' dir='ltr'>antiquitus</span> <span class='ocrx_word' id='word_1_280' title='bbox 1373 1881 1556 1919; x_wconf 84' lang='lat' dir='ltr'>constitu-</span> 
     </span>
     <span class='ocr_line' id='line_1_34' title="bbox 390 1933 1551 1986; baseline -0.001 -13"><span class='ocrx_word' id='word_1_281' title='bbox 390 1948 472 1973; x_wconf 87' lang='lat' dir='ltr'>tum</span> <span class='ocrx_word' id='word_1_282' title='bbox 491 1960 504 1982; x_wconf 80' lang='lat'>,</span> <span class='ocrx_word' id='word_1_283' title='bbox 535 1936 621 1986; x_wconf 88' lang='lat' dir='ltr'>plus</span> <span class='ocrx_word' id='word_1_284' title='bbox 652 1935 741 1972; x_wconf 85' lang='lat' dir='ltr'>salis</span> <span class='ocrx_word' id='word_1_285' title='bbox 758 1949 885 1986; x_wconf 68' lang='lat' dir='ltr'>quam,</span> <span class='ocrx_word' id='word_1_286' title='bbox 904 1933 1047 1972; x_wconf 84' lang='lat' dir='ltr'>sumtus</span> <span class='ocrx_word' id='word_1_287' title='bbox 1073 1934 1262 1972; x_wconf 80' lang='lat' dir='ltr'>habebat:</span> <span class='ocrx_word' id='word_1_288' title='bbox 1294 1937 1333 1972; x_wconf 92' lang='lat' dir='ltr'>in</span> <span class='ocrx_word' id='word_1_289' title='bbox 1351 1949 1425 1986; x_wconf 92' lang='lat' dir='ltr'>quo</span> <span class='ocrx_word' id='word_1_290' title='bbox 1454 1935 1551 1972; x_wconf 86' lang='lat' dir='ltr'>nihil</span> 
     </span>
     <span class='ocr_line' id='line_1_35' title="bbox 392 1987 1551 2039; baseline 0 -13"><span class='ocrx_word' id='word_1_291' title='bbox 392 1993 647 2026; x_wconf 85' lang='lat' dir='ltr'>commutavit</span> <span class='ocrx_word' id='word_1_292' title='bbox 665 2013 678 2033; x_wconf 75' lang='lat'>,</span> <span class='ocrx_word' id='word_1_293' title='bbox 709 1989 775 2026; x_wconf 80' lang='lat' dir='ltr'>nisi</span> <span class='ocrx_word' id='word_1_294' title='bbox 794 1988 818 2025; x_wconf 77' lang='lat' dir='ltr'>st</span> <span class='ocrx_word' id='word_1_295' title='bbox 835 1989 926 2039; x_wconf 88' lang='lat' dir='ltr'>quid</span> <span class='ocrx_word' id='word_1_296' title='bbox 945 1987 1134 2026; x_wconf 74' lang='lat' dir='ltr'>vetustate</span> <span class='ocrx_word' id='word_1_297' title='bbox 1166 1987 1315 2026; x_wconf 61' lang='lat' dir='ltr'>coffinus</span> <span class='ocrx_word' id='word_1_298' title='bbox 1340 1988 1391 2026; x_wconf 85' lang='lat' dir='ltr'>est</span> <span class='ocrx_word' id='word_1_299' title='bbox 1412 2014 1421 2023; x_wconf 80' lang='lat'><strong>.</strong></span> <span class='ocrx_word' id='word_1_300' title='bbox 1451 1988 1551 2026; x_wconf 90' lang='lat' dir='ltr'>Usus</span> 
     </span>
     <span class='ocr_line' id='line_1_36' title="bbox 388 2041 1552 2095; baseline -0.002 -15"><span class='ocrx_word' id='word_1_301' title='bbox 388 2042 440 2080; x_wconf 81' lang='lat' dir='ltr'>est</span> <span class='ocrx_word' id='word_1_302' title='bbox 460 2042 607 2081; x_wconf 72' lang='lat' dir='ltr'>familia</span> <span class='ocrx_word' id='word_1_303' title='bbox 624 2067 635 2091; x_wconf 85' lang='lat'>‚</span> <span class='ocrx_word' id='word_1_304' title='bbox 654 2043 678 2080; x_wconf 84' lang='lat' dir='ltr'>sl</span> <span class='ocrx_word' id='word_1_305' title='bbox 697 2043 869 2080; x_wconf 81' lang='lat' dir='ltr'>utilitate</span> <span class='ocrx_word' id='word_1_306' title='bbox 883 2043 1132 2093; x_wconf 82' lang='lat' dir='ltr'>judicandum</span> <span class='ocrx_word' id='word_1_307' title='bbox 1150 2041 1202 2082; x_wconf 83' lang='lat' dir='ltr'>est</span> <span class='ocrx_word' id='word_1_308' title='bbox 1218 2066 1232 2091; x_wconf 83' lang='lat'>,</span> <span class='ocrx_word' id='word_1_309' title='bbox 1248 2045 1414 2095; x_wconf 84' lang='lat' dir='ltr'>optima:</span> <span class='ocrx_word' id='word_1_310' title='bbox 1433 2042 1456 2079; x_wconf 83' lang='lat' dir='ltr'>fi</span> <span class='ocrx_word' id='word_1_311' title='bbox 1475 2041 1552 2079; x_wconf 84' lang='lat' dir='ltr'>for-</span> 
     </span>
     <span class='ocr_line' id='line_1_37' title="bbox 1403 2109 1500 2142; baseline 0 -9"><span class='ocrx_word' id='word_1_312' title='bbox 1403 2109 1464 2133; x_wconf 76' lang='lat' dir='ltr'>ma</span> <span class='ocrx_word' id='word_1_313' title='bbox 1485 2119 1500 2142; x_wconf 60' lang='lat'><em>5</em></span> 
     </span>
    </p>
   </div>
  </div>
 </body>
</html>
