1714 2719
34 2702 158 2719 2;-.1.⁴.2..
171 2711 207 2717 Α».

501 126 524 163 ὅ
658 123 1029 164 CORNELII
1085 124 1399 166 NEPOTIS

450 204 684 243 Chersoneso
701 205 773 243 tali
788 206 901 243 modo
929 205 1134 243 constituta
1166 205 1355 245 Lemnum
1373 210 1575 254 revertitur
1592 232 1607 257 5

449 260 487 296 ὅ(
503 273 546 296 ex
567 259 676 310 paEio
694 258 859 310 postulat
877 282 890 305 ,
919 270 960 295 ut
977 259 1042 296 fibi
1059 259 1189 297 urbem
1206 261 1359 298 tradant
1376 287 1384 296 .
1416 261 1478 298 illi
1503 267 1607 301 enim

448 313 626 350 dixerant
644 335 656 358 5
685 327 769 350 cum
787 325 904 350 vento
933 311 1050 350 Borea
1067 313 1180 350 domo
1210 314 1400 363 p1·0fe&us
1417 329 1459 351 eo
1475 328 1609 364 perve-

450 365 562 404 nisset
581 389 594 412 ‚
613 365 686 403 sese
703 366 896 403 dedituros
914 379 921 402 :
942 365 976 403 se
992 378 1119 404 autem
1135 367 1289 404 domum
1305 366 1525 405 Chersonesi
1542 369 1611 405 lia-

450 420 537 458 bere
554 446 562 454 .
592 418 710 456 Cares
728 443 740 465 ,
772 421 835 470 qui
853 431 933 455 tum
951 418 1140 456 Lemnum
1159 421 1379 459 incolebant
1396 444 1408 467 ,
1438 420 1501 458 etfi
1520 435 1610 471 prae-

447 485 506 510 ter
521 474 743 522 opinionem
760 486 817 509 res
834 472 1019 509 ceciderat
1032 496 1044 518 ,
1073 484 1200 510 tamen
1221 488 1295 511 non
1314 474 1415 511 dieto
1432 497 1444 520 ‚
1475 473 1535 511 sed
1552 474 1610 512 se-

449 526 572 564 cunda
589 524 744 563 fortuna
772 524 1073 563 adversariorum
1091 528 1192 576 capti
1210 550 1222 573 ‚
1253 526 1414 566 resistere
1427 527 1502 565 ausi
1530 542 1608 566 non

448 578 535 617 sunt
554 603 567 624 ‚
594 591 710 630 atque
726 592 770 615 ex
790 577 912 615 insula
938 579 1197 629 demigrarunt
1213 608 1221 616 .

500 630 573 668 III.
604 631 691 669 Pari
720 630 911 668 felicitate
930 643 1078 668 caeteras
1109 632 1250 670 insulas
1268 658 1280 680 ,
1310 647 1387 686 quae
1415 633 1609 682 Cyclades

448 687 699 722 nominantur
715 707 728 730 ,
758 683 824 721 sub
854 683 1145 721 Atheniensium
1178 687 1322 737 redegit
1352 686 1576 737 potestatem
1595 715 1605 724 .

447 737 603 775 Eisdem
622 737 856 787 temporibus
872 736 1066 774 Persarum
1083 751 1147 774 rex
1178 736 1321 776 Darius
1339 764 1351 785 ‚
1381 753 1424 776 ex
1444 738 1533 776 Asia
1564 743 1604 777 in

446 789 642 840 Europam
659 792 826 827 exercitu
842 789 999 840 trajecCio
1012 813 1023 835 ,
1053 789 1205 839 Scythis
1223 791 1366 829 bellum
1384 791 1523 830 inferre
1539 793 1606 830 de-

447 847 592 881 crevit:
611 855 766 894 pontem
783 841 875 879 fecit
893 845 930 879 in
949 841 1083 880 Histro
1099 844 1280 890 flumine,
1298 860 1369 896 qua
1387 848 1514 896 copias
1530 857 1609 882 tra-

448 898 602 934 duceret
618 923 627 931 .
657 895 751 948 Ejus
767 898 896 946 pontis
914 920 927 941 ,
943 897 1031 932 dum
1053 896 1130 947 ipse
1145 897 1283 935 abesset
1302 923 1314 944 ,
1332 898 1499 936 custodes
1516 899 1608 936 reli-

449 952 535 1001 quit
552 951 742 1000 principes
760 973 773 994 ,
803 963 895 999 quos
913 948 1034 986 secum
1064 964 1108 986 ex
1125 949 1233 987 Ionia
1254 953 1287 987 ἃ
1307 951 1473 990 AEolide
1488 954 1608 990 duxe-

447 1015 506 1040 rat
522 1031 531 1039 .
562 1003 698 1054 quibus
716 1002 870 1053 singulis
886 1001 1048 1053 ipsarum
1075 1003 1223 1040 urbium
1242 1018 1421 1055 perpetua
1453 1006 1608 1042 dederat

450 1058 633 1107 imperia.
663 1055 710 1095 sic
725 1058 827 1093 enim
853 1059 1006 1106 putavit
1024 1079 1036 1101 ,
1066 1054 1255 1094 facillime
1271 1058 1306 1094 se
1333 1072 1447 1108 graeca
1475 1058 1606 1108 lingua

450 1110 652 1160 loquentes
670 1132 683 1155 ,
718 1112 782 1160 qui
800 1108 929 1146 Afiam
947 1109 1157 1146 incolerent
1170 1133 1182 1155 ,
1213 1110 1277 1147 sub
1293 1110 1354 1147 sua
1372 1122 1606 1148 retenturum

449 1162 636 1215 potestate
652 1186 664 1209 ‚
685 1162 708 1199 si
726 1164 859 1199 amicis
876 1162 950 1199 suis
967 1164 1104 1212 oppida
1122 1164 1260 1200 tuenda
1278 1163 1506 1209 tradidisset,
1524 1167 1608 1214 qui-

448 1218 518 1255 bus
534 1215 570 1254 se
586 1214 758 1267 oppresso
776 1216 883 1254 nulla
902 1215 982 1266 spes
1001 1215 1131 1253 salutis
1147 1217 1443 1267 relinqueretur.
1473 1215 1516 1253 In
1535 1217 1606 1255 hoc

448 1270 525 1309 suit
542 1282 622 1307 tum
640 1283 796 1306 numero
825 1269 1028 1307 Miltiades
1047 1292 1059 1314 ,
1088 1271 1147 1306 cui
1165 1270 1232 1306 illa
1259 1269 1423 1308 custodia
1442 1270 1610 1307 credere-

448 1335 511 1362 tur
527 1352 535 1360 .
568 1322 648 1360 Hic
664 1346 677 1368 5
706 1337 790 1360 cum
807 1323 926 1361 crebri
942 1323 1118 1359 afferrent
1137 1326 1263 1360 nuntii
1283 1347 1295 1368 ‚
1324 1324 1426 1361 male
1451 1337 1526 1360 rem
1543 1337 1609 1374 ge·-

450 1392 530 1415 rere
545 1375 710 1414 Darium
728 1400 740 1421 ,
770 1377 964 1427 premique
979 1375 1026 1412 ab
1045 1375 1196 1425 Scythis
1214 1401 1225 1421 ‚
1256 1377 1462 1414 Miltiades
1479 1376 1607 1414 horta-

447 1444 510 1469 tus
526 1429 577 1468 est
594 1432 722 1482 pontis
738 1430 905 1467 custodes
923 1453 935 1475 ,
961 1443 1008 1466 ne
1024 1443 1043 1465 a
1060 1427 1213 1466 fortuna
1230 1430 1358 1467 datam
1376 1429 1605 1468 occasionem

448 1484 653 1522 liberandae
678 1481 832 1520 Graeciae
848 1484 1089 1520 dimitterent
1107 1510 1115 1518 .
1128 1502 1132 1506 ·
1146 1497 1233 1519 nam
1253 1483 1276 1520 si
1307 1497 1391 1521 cum
1411 1483 1468 1521 his
1487 1486 1606 1534 copiis

443 1551 540 1590 quas
570 1536 691 1574 secum
721 1535 1075 1587 transportaverat,
1104 1536 1302 1573 interiisset
1329 1536 1500 1582 Darius,
1529 1551 1607 1574 non

448 1591 571 1629 solum
589 1589 782 1640 Europam
799 1589 880 1627 fore
909 1602 1030 1627 tutam
1050 1612 1062 1635 ,
1093 1588 1153 1626 sed
1171 1593 1283 1627 etiam
1302 1604 1363 1628 eos
1380 1594 1444 1642 qui
1476 1589 1606 1628 Asiam

448 1645 662 1682 incolerent
690 1641 813 1681 Graeci
828 1658 963 1694 genere
981 1667 992 1689 ‚
1024 1643 1162 1680 liberos
1179 1657 1198 1680 a
1230 1643 1425 1681 Persarum
1453 1643 1602 1681 futuros

447 1699 714 1737 dominatione
729 1698 764 1733 ὅ(
781 1697 950 1747 periculo
966 1724 974 1732 .
1006 1695 1047 1733 Id
1067 1698 1101 1733 ὅ(
1119 1695 1233 1734 facile
1249 1698 1344 1734 effici
1361 1697 1461 1747 posse
1478 1724 1486 1732 .
1511 1711 1609 1749 pon-

448 1765 488 1791 te
503 1753 605 1788 enim
636 1749 783 1788 rescisso
812 1765 936 1802 regem
954 1750 1014 1787 vel
1046 1749 1208 1787 hostium
1238 1749 1337 1788 ferro
1355 1751 1415 1787 vel
1444 1753 1571 1801 inopia
1591 1773 1605 1796 ‚

447 1806 579 1856 paucis
596 1803 726 1841 diebus
744 1805 986 1841 interiturum
1005 1831 1013 1839 .
1045 1802 1109 1839 Ad
1127 1804 1197 1841 hoc
1211 1804 1407 1841 confilium
1423 1817 1507 1841 cum
1524 1804 1609 1854 ple-

447 1862 557 1910 rique
572 1858 791 1895 accederent
809 1881 822 1903 ,
839 1856 1019 1896 Histiaeus
1036 1856 1212 1895 Milefius
1229 1881 1241 1903 ,
1271 1872 1317 1895 ne
1333 1872 1390 1895 res
1406 1857 1609 1895 conficere-

449 1925 512 1951 tur
528 1934 540 1957 ,
557 1909 704 1948 obstitit
723 1935 735 1957 ,
753 1911 880 1948 dicens
898 1935 910 1957 ,
929 1925 1004 1947 non
1022 1910 1122 1947 idem
1141 1910 1227 1961 ipsis
1245 1934 1257 1957 ,
1275 1914 1339 1962 qui
1356 1910 1518 1948 summas
1536 1913 1610 1947 im-

449 1967 546 2017 perii
562 1975 735 2002 tenerent
753 1988 765 2010 ,
795 1965 972 2014 expedire
989 1987 1001 2010 ‚
1031 1965 1066 2000 ἃ
1081 1964 1324 2002 multitudini
1342 1988 1356 2011 ,
1374 1966 1473 2016 quod
1490 1962 1605 2002 Darii

447 2033 563 2071 regno
580 2016 746 2070 ipsorum
762 2020 946 2058 niteretur
962 2018 1193 2065 dominati03
1212 2032 1286 2071 quo
1302 2017 1484 2058 exstineto
1502 2017 1601 2067 ipsos

1487 2084 1556 2123 1³⁰·
