<?xml version="1.0" encoding="UTF-8"?>
<!DOCTYPE html PUBLIC "-//W3C//DTD XHTML 1.0 Transitional//EN"
    "http://www.w3.org/TR/xhtml1/DTD/xhtml1-transitional.dtd">
<html xmlns="http://www.w3.org/1999/xhtml" xml:lang="en" lang="en">
 <head>
  <title>
</title>
<meta http-equiv="Content-Type" content="text/html;charset=utf-8" />
  <meta name='ocr-system' content='tesseract 3.04.00' />
  <meta name='ocr-capabilities' content='ocr_page ocr_carea ocr_par ocr_line ocrx_word'/>
</head>
<body>
  <div class='ocr_page' id='page_1' title='image "./quaeexstantomnia00nepouoft_0161.png"; bbox 0 0 1714 2719; ppageno 0'>
   <div class='ocr_carea' id='block_1_1' title="bbox 261 116 1267 159">
    <p class='ocr_par' dir='ltr' id='par_1_1' title="bbox 261 116 1267 159">
     <span class='ocr_line' id='line_1_1' title="bbox 261 116 1267 159; baseline 0.001 -2"><span class='ocrx_word' id='word_1_1' title='bbox 261 118 308 157; x_wconf 84' lang='lat' dir='ltr'>T.</span> <span class='ocrx_word' id='word_1_2' title='bbox 340 117 773 159; x_wconf 85' lang='lat' dir='ltr'>POMPONIUS</span> <span class='ocrx_word' id='word_1_3' title='bbox 811 116 1160 158; x_wconf 86' lang='lat' dir='ltr'>ATTICUS.</span> <span class='ocrx_word' id='word_1_4' title='bbox 1199 132 1267 158; x_wconf 78' lang='lat'>121</span> 
     </span>
    </p>
   </div>
   <div class='ocr_carea' id='block_1_2' title="bbox 148 197 1336 2079">
    <p class='ocr_par' dir='ltr' id='par_1_2' title="bbox 150 197 1327 565">
     <span class='ocr_line' id='line_1_2' title="bbox 150 197 1323 255; baseline -0.003 -16"><span class='ocrx_word' id='word_1_5' title='bbox 150 211 375 240; x_wconf 82' lang='lat' dir='ltr'>contextam</span> <span class='ocrx_word' id='word_1_6' title='bbox 393 213 521 238; x_wconf 88' lang='lat' dir='ltr'>eorum</span> <span class='ocrx_word' id='word_1_7' title='bbox 552 209 768 255; x_wconf 59' lang='lat' dir='ltr'>tempor-Q]</span> <span class='ocrx_word' id='word_1_8' title='bbox 787 225 795 233; x_wconf 92' lang='lat'><strong><em>.</em></strong></span> <span class='ocrx_word' id='word_1_9' title='bbox 827 199 887 236; x_wconf 90' lang='lat' dir='ltr'>Sic</span> <span class='ocrx_word' id='word_1_10' title='bbox 903 201 1005 235; x_wconf 89' lang='lat' dir='ltr'>enim</span> <span class='ocrx_word' id='word_1_11' title='bbox 1023 201 1150 236; x_wconf 84' lang='lat' dir='ltr'>omnia</span> <span class='ocrx_word' id='word_1_12' title='bbox 1168 199 1214 236; x_wconf 91' lang='lat' dir='ltr'>de</span> <span class='ocrx_word' id='word_1_13' title='bbox 1246 197 1323 236; x_wconf 82' lang='lat' dir='ltr'>stu-</span> 
     </span>
     <span class='ocr_line' id='line_1_3' title="bbox 151 253 1322 306; baseline -0.002 -14"><span class='ocrx_word' id='word_1_14' title='bbox 151 256 227 292; x_wconf 83' lang='lat' dir='ltr'>diis</span> <span class='ocrx_word' id='word_1_15' title='bbox 245 255 460 306; x_wconf 81' lang='lat' dir='ltr'>principum</span> <span class='ocrx_word' id='word_1_16' title='bbox 479 277 492 298; x_wconf 85' lang='lat'>‚</span> <span class='ocrx_word' id='word_1_17' title='bbox 522 254 631 289; x_wconf 85' lang='lat' dir='ltr'>vitiis</span> <span class='ocrx_word' id='word_1_18' title='bbox 649 253 786 289; x_wconf 90' lang='lat' dir='ltr'>ducum</span> <span class='ocrx_word' id='word_1_19' title='bbox 806 275 818 295; x_wconf 82' lang='lat'>‚</span> <span class='ocrx_word' id='word_1_20' title='bbox 836 265 878 288; x_wconf 87' lang='lat' dir='ltr'>ac</span> <span class='ocrx_word' id='word_1_21' title='bbox 897 253 1176 290; x_wconf 76' lang='lat' dir='ltr'>mutationibus</span> <span class='ocrx_word' id='word_1_22' title='bbox 1195 257 1322 303; x_wconf 86' lang='lat' dir='ltr'>reipu-</span> 
     </span>
     <span class='ocr_line' id='line_1_4' title="bbox 156 304 1322 359; baseline -0.002 -14"><span class='ocrx_word' id='word_1_23' title='bbox 156 308 262 346; x_wconf 76' lang='lat' dir='ltr'>blicae</span> <span class='ocrx_word' id='word_1_24' title='bbox 277 307 486 359; x_wconf 83' lang='lat' dir='ltr'>perscripta</span> <span class='ocrx_word' id='word_1_25' title='bbox 506 304 591 343; x_wconf 89' lang='lat' dir='ltr'>sunt</span> <span class='ocrx_word' id='word_1_26' title='bbox 608 329 621 351; x_wconf 78' lang='lat'>,</span> <span class='ocrx_word' id='word_1_27' title='bbox 653 317 695 341; x_wconf 87' lang='lat' dir='ltr'>ut</span> <span class='ocrx_word' id='word_1_28' title='bbox 713 305 811 342; x_wconf 85' lang='lat' dir='ltr'>nihil</span> <span class='ocrx_word' id='word_1_29' title='bbox 832 309 868 342; x_wconf 91' lang='lat' dir='ltr'>in</span> <span class='ocrx_word' id='word_1_30' title='bbox 887 308 935 342; x_wconf 86' lang='lat' dir='ltr'>iis</span> <span class='ocrx_word' id='word_1_31' title='bbox 953 320 1027 343; x_wconf 88' lang='lat' dir='ltr'>non</span> <span class='ocrx_word' id='word_1_32' title='bbox 1046 319 1229 356; x_wconf 73' lang='lat' dir='ltr'>appareat</span> <span class='ocrx_word' id='word_1_33' title='bbox 1249 322 1256 343; x_wconf 89' lang='lat'>:</span> <span class='ocrx_word' id='word_1_34' title='bbox 1283 307 1322 343; x_wconf 83' lang='lat'>&amp;</span> 
     </span>
     <span class='ocr_line' id='line_1_5' title="bbox 155 359 1323 410; baseline -0.002 -12"><span class='ocrx_word' id='word_1_35' title='bbox 155 362 270 400; x_wconf 67' lang='lat' dir='ltr'>facile</span> <span class='ocrx_word' id='word_1_36' title='bbox 288 360 497 399; x_wconf 84' lang='lat' dir='ltr'>existimari</span> <span class='ocrx_word' id='word_1_37' title='bbox 515 359 624 410; x_wconf 75' lang='lat' dir='ltr'>possit</span> <span class='ocrx_word' id='word_1_38' title='bbox 643 382 655 403; x_wconf 82' lang='lat'>,</span> <span class='ocrx_word' id='word_1_39' title='bbox 687 359 930 408; x_wconf 82' lang='lat' dir='ltr'>prudentiam</span> <span class='ocrx_word' id='word_1_40' title='bbox 950 361 1234 410; x_wconf 71' lang='lat' dir='ltr'>quodammodo</span> <span class='ocrx_word' id='word_1_41' title='bbox 1263 359 1323 397; x_wconf 87' lang='lat' dir='ltr'>es-</span> 
     </span>
     <span class='ocr_line' id='line_1_6' title="bbox 155 411 1327 464; baseline -0.003 -11"><span class='ocrx_word' id='word_1_42' title='bbox 155 415 190 453; x_wconf 87' lang='lat' dir='ltr'>se</span> <span class='ocrx_word' id='word_1_43' title='bbox 206 416 489 453; x_wconf 86' lang='lat' dir='ltr'>divinationem</span> <span class='ocrx_word' id='word_1_44' title='bbox 507 440 515 448; x_wconf 96' lang='lat'>.</span> <span class='ocrx_word' id='word_1_45' title='bbox 548 411 638 450; x_wconf 87' lang='lat' dir='ltr'>Non</span> <span class='ocrx_word' id='word_1_46' title='bbox 658 416 761 449; x_wconf 89' lang='lat' dir='ltr'>enim</span> <span class='ocrx_word' id='word_1_47' title='bbox 778 411 916 451; x_wconf 87' lang='lat' dir='ltr'>Cicero</span> <span class='ocrx_word' id='word_1_48' title='bbox 934 426 973 450; x_wconf 88' lang='lat' dir='ltr'>ea</span> <span class='ocrx_word' id='word_1_49' title='bbox 1008 413 1128 451; x_wconf 89' lang='lat' dir='ltr'>solum</span> <span class='ocrx_word' id='word_1_50' title='bbox 1148 428 1226 464; x_wconf 81' lang='lat' dir='ltr'>quae</span> <span class='ocrx_word' id='word_1_51' title='bbox 1262 416 1327 449; x_wconf 86' lang='lat' dir='ltr'>vi-</span> 
     </span>
     <span class='ocr_line' id='line_1_7' title="bbox 156 465 1326 518; baseline 0.001 -14"><span class='ocrx_word' id='word_1_52' title='bbox 156 483 202 507; x_wconf 91' lang='lat' dir='ltr'>vo</span> <span class='ocrx_word' id='word_1_53' title='bbox 219 467 255 506; x_wconf 89' lang='lat' dir='ltr'>se</span> <span class='ocrx_word' id='word_1_54' title='bbox 270 468 490 506; x_wconf 81' lang='lat' dir='ltr'>acciderunt</span> <span class='ocrx_word' id='word_1_55' title='bbox 509 491 521 509; x_wconf 72' lang='lat'>‚</span> <span class='ocrx_word' id='word_1_56' title='bbox 538 465 664 503; x_wconf 81' lang='lat' dir='ltr'>futura</span> <span class='ocrx_word' id='word_1_57' title='bbox 683 467 860 517; x_wconf 78' lang='lat' dir='ltr'>praedixit</span> <span class='ocrx_word' id='word_1_58' title='bbox 878 490 891 513; x_wconf 88' lang='lat'>,</span> <span class='ocrx_word' id='word_1_59' title='bbox 909 466 970 504; x_wconf 84' lang='lat' dir='ltr'>sed</span> <span class='ocrx_word' id='word_1_60' title='bbox 988 471 1105 505; x_wconf 87' lang='lat' dir='ltr'>ctiam</span> <span class='ocrx_word' id='word_1_61' title='bbox 1125 481 1203 518; x_wconf 80' lang='lat' dir='ltr'>quae</span> <span class='ocrx_word' id='word_1_62' title='bbox 1221 480 1326 505; x_wconf 86' lang='lat' dir='ltr'>nunc</span> 
     </span>
     <span class='ocr_line' id='line_1_8' title="bbox 153 521 864 565; baseline -0.003 -6"><span class='ocrx_word' id='word_1_63' title='bbox 153 521 218 559; x_wconf 87' lang='lat' dir='ltr'>usu</span> <span class='ocrx_word' id='word_1_64' title='bbox 238 524 401 559; x_wconf 87' lang='lat' dir='ltr'>veniunt</span> <span class='ocrx_word' id='word_1_65' title='bbox 419 545 432 565; x_wconf 80' lang='lat'>‚</span> <span class='ocrx_word' id='word_1_66' title='bbox 463 523 602 558; x_wconf 85' lang='lat' dir='ltr'>cecinit</span> <span class='ocrx_word' id='word_1_67' title='bbox 622 545 635 565; x_wconf 77' lang='lat'>,</span> <span class='ocrx_word' id='word_1_68' title='bbox 666 532 707 558; x_wconf 91' lang='lat' dir='ltr'>ut</span> <span class='ocrx_word' id='word_1_69' title='bbox 727 533 835 558; x_wconf 87' lang='lat' dir='ltr'>vates</span> <span class='ocrx_word' id='word_1_70' title='bbox 855 548 864 557; x_wconf 90' lang='grc'><strong>.</strong></span> 
     </span>
    </p>

    <p class='ocr_par' dir='ltr' id='par_1_3' title="bbox 148 572 1332 1270">
     <span class='ocr_line' id='line_1_9' title="bbox 207 572 1323 626; baseline -0.002 -13"><span class='ocrx_word' id='word_1_71' title='bbox 207 572 341 613; x_wconf 87' lang='lat' dir='ltr'><strong>XVII.</strong></span> <span class='ocrx_word' id='word_1_72' title='bbox 373 573 438 612; x_wconf 87' lang='lat' dir='ltr'>De</span> <span class='ocrx_word' id='word_1_73' title='bbox 453 578 599 625; x_wconf 82' lang='lat' dir='ltr'>pietate</span> <span class='ocrx_word' id='word_1_74' title='bbox 615 587 744 612; x_wconf 79' lang='lat' dir='ltr'>autem</span> <span class='ocrx_word' id='word_1_75' title='bbox 767 573 894 612; x_wconf 86' lang='lat' dir='ltr'>Attici</span> <span class='ocrx_word' id='word_1_76' title='bbox 911 575 1002 626; x_wconf 87' lang='lat' dir='ltr'>quid</span> <span class='ocrx_word' id='word_1_77' title='bbox 1022 576 1129 626; x_wconf 87' lang='lat' dir='ltr'>plura</span> <span class='ocrx_word' id='word_1_78' title='bbox 1150 588 1323 613; x_wconf 89' lang='lat' dir='ltr'>comme-</span> 
     </span>
     <span class='ocr_line' id='line_1_10' title="bbox 148 627 1327 679; baseline -0.001 -12"><span class='ocrx_word' id='word_1_79' title='bbox 148 629 325 667; x_wconf 82' lang='lat' dir='ltr'>morem?</span> <span class='ocrx_word' id='word_1_80' title='bbox 355 643 439 666; x_wconf 89' lang='lat' dir='ltr'>cum</span> <span class='ocrx_word' id='word_1_81' title='bbox 468 629 542 666; x_wconf 62' lang='lat' dir='ltr'>&gt;hoc</span> <span class='ocrx_word' id='word_1_82' title='bbox 559 627 679 678; x_wconf 86' lang='lat' dir='ltr'>ipsum</span> <span class='ocrx_word' id='word_1_83' title='bbox 699 642 784 666; x_wconf 83' lang='lat' dir='ltr'>vere</span> <span class='ocrx_word' id='word_1_84' title='bbox 813 628 1047 679; x_wconf 81' lang='lat' dir='ltr'>gloriantem</span> <span class='ocrx_word' id='word_1_85' title='bbox 1064 631 1251 667; x_wconf 82' lang='lat' dir='ltr'>audierim</span> <span class='ocrx_word' id='word_1_86' title='bbox 1285 631 1327 666; x_wconf 80' lang='lat' dir='ltr'>in</span> 
     </span>
     <span class='ocr_line' id='line_1_11' title="bbox 154 682 1327 735; baseline -0.002 -15"><span class='ocrx_word' id='word_1_87' title='bbox 154 682 288 720; x_wconf 85' lang='lat' dir='ltr'>sunere</span> <span class='ocrx_word' id='word_1_88' title='bbox 304 686 438 720; x_wconf 89' lang='lat' dir='ltr'>matris</span> <span class='ocrx_word' id='word_1_89' title='bbox 458 682 525 719; x_wconf 80' lang='lat' dir='ltr'>sua:</span> <span class='ocrx_word' id='word_1_90' title='bbox 543 707 556 725; x_wconf 64' lang='lat' dir='ltr'><em>n</em></span> <span class='ocrx_word' id='word_1_91' title='bbox 586 696 698 733; x_wconf 83' lang='lat' dir='ltr'>quam</span> <span class='ocrx_word' id='word_1_92' title='bbox 718 683 862 719; x_wconf 73' lang='lat' dir='ltr'>extulit</span> <span class='ocrx_word' id='word_1_93' title='bbox 878 696 1064 720; x_wconf 91' lang='lat' dir='ltr'>annorum</span> <span class='ocrx_word' id='word_1_94' title='bbox 1084 687 1294 735; x_wconf 82' lang='lat' dir='ltr'>nonaginta</span> <span class='ocrx_word' id='word_1_95' title='bbox 1309 705 1327 727; x_wconf 85' lang='lat'><strong>‚</strong></span> 
     </span>
     <span class='ocr_line' id='line_1_12' title="bbox 151 735 1329 788; baseline -0.002 -13"><span class='ocrx_word' id='word_1_96' title='bbox 151 751 238 776; x_wconf 88' lang='lat' dir='ltr'>cum</span> <span class='ocrx_word' id='word_1_97' title='bbox 257 736 347 774; x_wconf 79' lang='lat' dir='ltr'>esset</span> <span class='ocrx_word' id='word_1_98' title='bbox 365 736 505 787; x_wconf 84' lang='lat' dir='ltr'>septem</span> <span class='ocrx_word' id='word_1_99' title='bbox 525 737 559 772; x_wconf 75' lang='grc' dir='ltr'>δε</span> <span class='ocrx_word' id='word_1_100' title='bbox 578 736 774 788; x_wconf 70' lang='lat' dir='ltr'>sexaginta</span> <span class='ocrx_word' id='word_1_101' title='bbox 790 759 802 780; x_wconf 81' lang='lat'>‚</span> <span class='ocrx_word' id='word_1_102' title='bbox 822 735 858 773; x_wconf 86' lang='lat' dir='ltr'>se</span> <span class='ocrx_word' id='word_1_103' title='bbox 873 750 1082 788; x_wconf 79' lang='lat' dir='ltr'>numquam</span> <span class='ocrx_word' id='word_1_104' title='bbox 1101 752 1185 775; x_wconf 87' lang='lat' dir='ltr'>cum</span> <span class='ocrx_word' id='word_1_105' title='bbox 1204 749 1329 774; x_wconf 84' lang='lat' dir='ltr'>matre</span> 
     </span>
     <span class='ocr_line' id='line_1_13' title="bbox 154 789 1327 843; baseline 0 -16"><span class='ocrx_word' id='word_1_106' title='bbox 154 794 193 828; x_wconf 85' lang='lat' dir='ltr'>in</span> <span class='ocrx_word' id='word_1_107' title='bbox 213 793 376 843; x_wconf 75' lang='lat' dir='ltr'>gratiam</span> <span class='ocrx_word' id='word_1_108' title='bbox 398 790 550 827; x_wconf 77' lang='lat' dir='ltr'>rediisse</span> <span class='ocrx_word' id='word_1_109' title='bbox 566 815 578 836; x_wconf 80' lang='lat'>,</span> <span class='ocrx_word' id='word_1_110' title='bbox 610 803 817 840; x_wconf 84' lang='lat' dir='ltr'>numquam</span> <span class='ocrx_word' id='word_1_111' title='bbox 836 804 921 827; x_wconf 89' lang='lat' dir='ltr'>cum</span> <span class='ocrx_word' id='word_1_112' title='bbox 941 790 1064 828; x_wconf 79' lang='lat' dir='ltr'>sorore</span> <span class='ocrx_word' id='word_1_113' title='bbox 1081 791 1193 829; x_wconf 72' lang='lat' dir='ltr'>fuisse</span> <span class='ocrx_word' id='word_1_114' title='bbox 1213 794 1251 827; x_wconf 89' lang='lat' dir='ltr'>in</span> <span class='ocrx_word' id='word_1_115' title='bbox 1280 789 1327 827; x_wconf 78' lang='lat' dir='ltr'>si-</span> 
     </span>
     <span class='ocr_line' id='line_1_14' title="bbox 153 843 1328 906; baseline -0.002 -24"><span class='ocrx_word' id='word_1_116' title='bbox 153 845 322 882; x_wconf 76' lang='lat' dir='ltr'>multate</span> <span class='ocrx_word' id='word_1_117' title='bbox 340 868 353 888; x_wconf 78' lang='lat'>‚</span> <span class='ocrx_word' id='word_1_118' title='bbox 383 858 496 895; x_wconf 84' lang='lat' dir='ltr'>quam</span> <span class='ocrx_word' id='word_1_119' title='bbox 516 857 633 894; x_wconf 79' lang='lat' dir='ltr'>prope</span> <span class='ocrx_word' id='word_1_120' title='bbox 650 844 834 895; x_wconf 82' lang='lat' dir='ltr'>aequalem</span> <span class='ocrx_word' id='word_1_121' title='bbox 856 844 1019 881; x_wconf 80' lang='lat' dir='ltr'>habebat</span> <span class='ocrx_word' id='word_1_122' title='bbox 1036 872 1044 879; x_wconf 92' lang='lat'><strong>.</strong></span> <span class='ocrx_word' id='word_1_123' title='bbox 1077 846 1193 906; x_wconf 72' lang='lat' dir='ltr'>Quod</span> <span class='ocrx_word' id='word_1_124' title='bbox 1211 843 1262 881; x_wconf 87' lang='lat' dir='ltr'>est</span> <span class='ocrx_word' id='word_1_125' title='bbox 1280 843 1328 880; x_wconf 77' lang='lat' dir='ltr'>si-</span> 
     </span>
     <span class='ocr_line' id='line_1_15' title="bbox 154 898 1329 950; baseline -0.002 -15"><span class='ocrx_word' id='word_1_126' title='bbox 154 912 272 950; x_wconf 86' lang='lat' dir='ltr'>gnum</span> <span class='ocrx_word' id='word_1_127' title='bbox 287 921 299 943; x_wconf 83' lang='lat'><strong>‚</strong></span> <span class='ocrx_word' id='word_1_128' title='bbox 317 909 383 934; x_wconf 85' lang='lat' dir='ltr'>aut</span> <span class='ocrx_word' id='word_1_129' title='bbox 401 898 549 934; x_wconf 83' lang='lat' dir='ltr'>nullam</span> <span class='ocrx_word' id='word_1_130' title='bbox 569 912 748 947; x_wconf 76' lang='lat' dir='ltr'>umquam</span> <span class='ocrx_word' id='word_1_131' title='bbox 770 899 869 934; x_wconf 86' lang='lat' dir='ltr'>inter</span> <span class='ocrx_word' id='word_1_132' title='bbox 885 911 948 934; x_wconf 85' lang='lat' dir='ltr'>eos</span> <span class='ocrx_word' id='word_1_133' title='bbox 966 901 1247 948; x_wconf 83' lang='lat' dir='ltr'>querimoniam</span> <span class='ocrx_word' id='word_1_134' title='bbox 1267 900 1329 933; x_wconf 91' lang='lat' dir='ltr'>in-</span> 
     </span>
     <span class='ocr_line' id='line_1_16' title="bbox 158 949 1328 1003; baseline -0.001 -15"><span class='ocrx_word' id='word_1_135' title='bbox 158 950 359 989; x_wconf 74' lang='lat' dir='ltr'>terceffiise</span> <span class='ocrx_word' id='word_1_136' title='bbox 375 974 389 996; x_wconf 84' lang='lat'>,</span> <span class='ocrx_word' id='word_1_137' title='bbox 419 964 483 987; x_wconf 70' lang='lat' dir='ltr'>:rut</span> <span class='ocrx_word' id='word_1_138' title='bbox 502 951 601 988; x_wconf 85' lang='lat' dir='ltr'>hunc</span> <span class='ocrx_word' id='word_1_139' title='bbox 617 965 657 988; x_wconf 90' lang='lat' dir='ltr'>ea</span> <span class='ocrx_word' id='word_1_140' title='bbox 677 950 785 988; x_wconf 72' lang='lat' dir='ltr'>fuisse</span> <span class='ocrx_word' id='word_1_141' title='bbox 804 953 841 986; x_wconf 89' lang='lat' dir='ltr'>in</span> <span class='ocrx_word' id='word_1_142' title='bbox 863 949 946 988; x_wconf 90' lang='lat' dir='ltr'>suos</span> <span class='ocrx_word' id='word_1_143' title='bbox 979 952 1219 1003; x_wconf 80' lang='lat' dir='ltr'>indulgentia</span> <span class='ocrx_word' id='word_1_144' title='bbox 1241 975 1252 995; x_wconf 83' lang='lat'>,</span> <span class='ocrx_word' id='word_1_145' title='bbox 1283 961 1328 987; x_wconf 89' lang='lat' dir='ltr'>ut</span> 
     </span>
     <span class='ocr_line' id='line_1_17' title="bbox 155 1003 1328 1056; baseline -0.001 -14"><span class='ocrx_word' id='word_1_146' title='bbox 155 1019 250 1056; x_wconf 89' lang='lat' dir='ltr'>quos</span> <span class='ocrx_word' id='word_1_147' title='bbox 266 1018 394 1047; x_wconf 75' lang='lat' dir='ltr'>amare</span> <span class='ocrx_word' id='word_1_148' title='bbox 411 1004 563 1041; x_wconf 83' lang='lat' dir='ltr'>deberet</span> <span class='ocrx_word' id='word_1_149' title='bbox 581 1029 593 1050; x_wconf 81' lang='lat'>,</span> <span class='ocrx_word' id='word_1_150' title='bbox 625 1003 734 1042; x_wconf 77' lang='lat' dir='ltr'>irasci</span> <span class='ocrx_word' id='word_1_151' title='bbox 765 1007 821 1042; x_wconf 86' lang='lat' dir='ltr'>cis</span> <span class='ocrx_word' id='word_1_152' title='bbox 852 1003 960 1041; x_wconf 84' lang='lat' dir='ltr'>nes-as</span> <span class='ocrx_word' id='word_1_153' title='bbox 977 1005 1130 1042; x_wconf 85' lang='lat' dir='ltr'>duceret</span> <span class='ocrx_word' id='word_1_154' title='bbox 1147 1033 1154 1040; x_wconf 93' lang='lat'><em>.</em></span> <span class='ocrx_word' id='word_1_155' title='bbox 1188 1003 1328 1055; x_wconf 86' lang='lat' dir='ltr'>Neque</span> 
     </span>
     <span class='ocr_line' id='line_1_18' title="bbox 156 1057 1330 1110; baseline -0.002 -14"><span class='ocrx_word' id='word_1_156' title='bbox 156 1062 194 1096; x_wconf 89' lang='lat' dir='ltr'>id</span> <span class='ocrx_word' id='word_1_157' title='bbox 211 1058 305 1096; x_wconf 88' lang='lat' dir='ltr'>fecit</span> <span class='ocrx_word' id='word_1_158' title='bbox 324 1071 458 1095; x_wconf 88' lang='lat' dir='ltr'>natura</span> <span class='ocrx_word' id='word_1_159' title='bbox 477 1057 617 1104; x_wconf 88' lang='lat' dir='ltr'>solum,</span> <span class='ocrx_word' id='word_1_160' title='bbox 638 1059 652 1107; x_wconf 97' lang='lat'>(</span> <span class='ocrx_word' id='word_1_161' title='bbox 671 1072 902 1110; x_wconf 87' lang='lat' dir='ltr'>quamquam</span> <span class='ocrx_word' id='word_1_162' title='bbox 922 1072 1054 1096; x_wconf 87' lang='lat' dir='ltr'>omnes</span> <span class='ocrx_word' id='word_1_163' title='bbox 1071 1061 1105 1096; x_wconf 87' lang='lat' dir='ltr'>ei</span> <span class='ocrx_word' id='word_1_164' title='bbox 1124 1057 1330 1109; x_wconf 84' lang='lat' dir='ltr'>paremus)</span> 
     </span>
     <span class='ocr_line' id='line_1_19' title="bbox 156 1110 1332 1163; baseline -0.002 -13"><span class='ocrx_word' id='word_1_165' title='bbox 156 1111 218 1150; x_wconf 86' lang='lat' dir='ltr'>sed</span> <span class='ocrx_word' id='word_1_166' title='bbox 248 1114 367 1149; x_wconf 88' lang='lat' dir='ltr'>etiam</span> <span class='ocrx_word' id='word_1_167' title='bbox 392 1111 564 1150; x_wconf 71' lang='lat' dir='ltr'>‹loElrina</span> <span class='ocrx_word' id='word_1_168' title='bbox 585 1140 592 1147; x_wconf 95' lang='lat'><strong>.</strong></span> <span class='ocrx_word' id='word_1_169' title='bbox 626 1110 731 1149; x_wconf 88' lang='lat' dir='ltr'>Nam</span> <span class='ocrx_word' id='word_1_170' title='bbox 762 1113 798 1149; x_wconf 72' lang='lat' dir='ltr'>&amp;t</span> <span class='ocrx_word' id='word_1_171' title='bbox 830 1115 1046 1162; x_wconf 78' lang='lat' dir='ltr'>principum</span> <span class='ocrx_word' id='word_1_172' title='bbox 1081 1111 1332 1163; x_wconf 85' lang='lat' dir='ltr'>philosopho·-</span> 
     </span>
     <span class='ocr_line' id='line_1_20' title="bbox 155 1165 1331 1216; baseline 0 -14"><span class='ocrx_word' id='word_1_173' title='bbox 155 1180 238 1202; x_wconf 90' lang='lat' dir='ltr'>rum</span> <span class='ocrx_word' id='word_1_174' title='bbox 261 1168 313 1202; x_wconf 87' lang='lat' dir='ltr'>ita</span> <span class='ocrx_word' id='word_1_175' title='bbox 334 1177 508 1215; x_wconf 77' lang='lat' dir='ltr'>percepta</span> <span class='ocrx_word' id='word_1_176' title='bbox 529 1165 664 1202; x_wconf 86' lang='lat' dir='ltr'>habuit</span> <span class='ocrx_word' id='word_1_177' title='bbox 695 1178 878 1216; x_wconf 77' lang='lat' dir='ltr'>praecepta</span> <span class='ocrx_word' id='word_1_178' title='bbox 899 1190 911 1211; x_wconf 87' lang='lat'>,</span> <span class='ocrx_word' id='word_1_179' title='bbox 941 1179 983 1203; x_wconf 91' lang='lat' dir='ltr'>ut</span> <span class='ocrx_word' id='word_1_180' title='bbox 1016 1169 1063 1203; x_wconf 89' lang='lat' dir='ltr'>iis</span> <span class='ocrx_word' id='word_1_181' title='bbox 1080 1166 1128 1203; x_wconf 92' lang='lat' dir='ltr'>ad</span> <span class='ocrx_word' id='word_1_182' title='bbox 1148 1169 1271 1203; x_wconf 82' lang='lat' dir='ltr'>vitam</span> <span class='ocrx_word' id='word_1_183' title='bbox 1287 1179 1331 1202; x_wconf 85' lang='lat' dir='ltr'>a-</span> 
     </span>
     <span class='ocr_line' id='line_1_21' title="bbox 155 1217 1098 1270; baseline 0 -14"><span class='ocrx_word' id='word_1_184' title='bbox 155 1220 319 1270; x_wconf 85' lang='lat' dir='ltr'>gendam</span> <span class='ocrx_word' id='word_1_185' title='bbox 337 1243 350 1262; x_wconf 82' lang='lat'>,</span> <span class='ocrx_word' id='word_1_186' title='bbox 383 1233 458 1255; x_wconf 82' lang='lat' dir='ltr'>non</span> <span class='ocrx_word' id='word_1_187' title='bbox 475 1220 524 1254; x_wconf 85' lang='lat' dir='ltr'>ad</span> <span class='ocrx_word' id='word_1_188' title='bbox 541 1217 838 1255; x_wconf 85' lang='lat' dir='ltr'>ostentationem</span> <span class='ocrx_word' id='word_1_189' title='bbox 858 1242 871 1264; x_wconf 86' lang='lat'>,</span> <span class='ocrx_word' id='word_1_190' title='bbox 901 1232 1073 1256; x_wconf 81' lang='lat' dir='ltr'>uteretur</span> <span class='ocrx_word' id='word_1_191' title='bbox 1089 1247 1098 1255; x_wconf 91' lang='lat'>.</span> 
     </span>
    </p>

    <p class='ocr_par' dir='ltr' id='par_1_4' title="bbox 157 1270 1336 2079">
     <span class='ocr_line' id='line_1_22' title="bbox 210 1270 1332 1322; baseline 0.001 -14"><span class='ocrx_word' id='word_1_192' title='bbox 210 1270 500 1308; x_wconf 80' lang='lat' dir='ltr'>XV111.M0ris</span> <span class='ocrx_word' id='word_1_193' title='bbox 517 1274 636 1308; x_wconf 88' lang='lat' dir='ltr'>etiam</span> <span class='ocrx_word' id='word_1_194' title='bbox 653 1273 840 1322; x_wconf 81' lang='lat' dir='ltr'>majorum</span> <span class='ocrx_word' id='word_1_195' title='bbox 859 1271 1027 1309; x_wconf 86' lang='lat' dir='ltr'>summus</span> <span class='ocrx_word' id='word_1_196' title='bbox 1046 1275 1221 1310; x_wconf 83' lang='lat' dir='ltr'>imitator</span> <span class='ocrx_word' id='word_1_197' title='bbox 1237 1271 1332 1318; x_wconf 82' lang='lat' dir='ltr'>fuit,</span> 
     </span>
     <span class='ocr_line' id='line_1_23' title="bbox 157 1325 1333 1377; baseline 0.001 -15"><span class='ocrx_word' id='word_1_198' title='bbox 157 1325 481 1376; x_wconf 82' lang='lat' dir='ltr'>antiquitatisque</span> <span class='ocrx_word' id='word_1_199' title='bbox 496 1338 672 1363; x_wconf 85' lang='lat' dir='ltr'>amator:</span> <span class='ocrx_word' id='word_1_200' title='bbox 704 1339 818 1376; x_wconf 87' lang='lat' dir='ltr'>quam</span> <span class='ocrx_word' id='word_1_201' title='bbox 835 1325 931 1363; x_wconf 82' lang='lat' dir='ltr'>adeo</span> <span class='ocrx_word' id='word_1_202' title='bbox 956 1327 1167 1377; x_wconf 73' lang='lat' dir='ltr'>diligenter</span> <span class='ocrx_word' id='word_1_203' title='bbox 1196 1326 1333 1364; x_wconf 84' lang='lat' dir='ltr'>habuit</span> 
     </span>
     <span class='ocr_line' id='line_1_24' title="bbox 158 1380 1332 1431; baseline 0.001 -15"><span class='ocrx_word' id='word_1_204' title='bbox 158 1383 352 1431; x_wconf 81' lang='lat' dir='ltr'>cognitam</span> <span class='ocrx_word' id='word_1_205' title='bbox 373 1403 386 1422; x_wconf 90' lang='lat'>‚</span> <span class='ocrx_word' id='word_1_206' title='bbox 416 1391 457 1416; x_wconf 88' lang='lat' dir='ltr'>ut</span> <span class='ocrx_word' id='word_1_207' title='bbox 490 1393 574 1416; x_wconf 87' lang='lat' dir='ltr'>eam</span> <span class='ocrx_word' id='word_1_208' title='bbox 590 1391 715 1416; x_wconf 84' lang='lat' dir='ltr'>totam</span> <span class='ocrx_word' id='word_1_209' title='bbox 736 1383 774 1416; x_wconf 89' lang='lat' dir='ltr'>in</span> <span class='ocrx_word' id='word_1_210' title='bbox 811 1393 854 1415; x_wconf 92' lang='lat' dir='ltr'>eo</span> <span class='ocrx_word' id='word_1_211' title='bbox 882 1380 1082 1417; x_wconf 86' lang='lat' dir='ltr'>volumine</span> <span class='ocrx_word' id='word_1_212' title='bbox 1113 1380 1332 1431; x_wconf 82' lang='lat' dir='ltr'>exposuerit</span> 
     </span>
     <span class='ocr_line' id='line_1_25' title="bbox 160 1432 1333 1485; baseline 0.001 -15"><span class='ocrx_word' id='word_1_213' title='bbox 160 1447 236 1484; x_wconf 90' lang='lat' dir='ltr'>quo</span> <span class='ocrx_word' id='word_1_214' title='bbox 250 1432 495 1483; x_wconf 84' lang='lat' dir='ltr'>magistratus</span> <span class='ocrx_word' id='word_1_215' title='bbox 512 1436 668 1471; x_wconf 86' lang='lat' dir='ltr'>ornavit</span> <span class='ocrx_word' id='word_1_216' title='bbox 686 1460 694 1468; x_wconf 87' lang='lat'>.</span> <span class='ocrx_word' id='word_1_217' title='bbox 726 1432 850 1470; x_wconf 89' lang='lat' dir='ltr'>Nulla</span> <span class='ocrx_word' id='word_1_218' title='bbox 867 1437 971 1471; x_wconf 86' lang='lat' dir='ltr'>enim</span> <span class='ocrx_word' id='word_1_219' title='bbox 989 1435 1050 1472; x_wconf 69' lang='lat' dir='ltr'>lex</span> <span class='ocrx_word' id='word_1_220' title='bbox 1070 1459 1082 1474; x_wconf 72' lang='grc'>,</span> <span class='ocrx_word' id='word_1_221' title='bbox 1100 1448 1223 1485; x_wconf 87' lang='lat' dir='ltr'>neque</span> <span class='ocrx_word' id='word_1_222' title='bbox 1239 1447 1333 1484; x_wconf 72' lang='lat' dir='ltr'>an,</span> 
     </span>
     <span class='ocr_line' id='line_1_26' title="bbox 162 1485 1333 1538; baseline 0.002 -15"><span class='ocrx_word' id='word_1_223' title='bbox 162 1500 283 1538; x_wconf 89' lang='lat' dir='ltr'>neque</span> <span class='ocrx_word' id='word_1_224' title='bbox 301 1487 445 1524; x_wconf 89' lang='lat' dir='ltr'>bellum</span> <span class='ocrx_word' id='word_1_225' title='bbox 465 1510 478 1531; x_wconf 83' lang='lat'>,</span> <span class='ocrx_word' id='word_1_226' title='bbox 507 1501 631 1538; x_wconf 90' lang='lat' dir='ltr'>neque</span> <span class='ocrx_word' id='word_1_227' title='bbox 648 1501 706 1524; x_wconf 88' lang='lat' dir='ltr'>res</span> <span class='ocrx_word' id='word_1_228' title='bbox 723 1485 883 1524; x_wconf 86' lang='lat' dir='ltr'>illustris</span> <span class='ocrx_word' id='word_1_229' title='bbox 901 1487 951 1524; x_wconf 87' lang='lat' dir='ltr'>est</span> <span class='ocrx_word' id='word_1_230' title='bbox 968 1489 1104 1538; x_wconf 89' lang='lat' dir='ltr'>populi</span> <span class='ocrx_word' id='word_1_231' title='bbox 1123 1487 1333 1533; x_wconf 80' lang='lat' dir='ltr'>Romani,</span> 
     </span>
     <span class='ocr_line' id='line_1_27' title="bbox 165 1539 1334 1592; baseline 0.001 -16"><span class='ocrx_word' id='word_1_232' title='bbox 165 1554 245 1592; x_wconf 81' lang='lat' dir='ltr'>quae</span> <span class='ocrx_word' id='word_1_233' title='bbox 263 1554 339 1577; x_wconf 90' lang='lat' dir='ltr'>non</span> <span class='ocrx_word' id='word_1_234' title='bbox 359 1543 397 1577; x_wconf 91' lang='lat' dir='ltr'>in</span> <span class='ocrx_word' id='word_1_235' title='bbox 415 1554 459 1577; x_wconf 87' lang='lat' dir='ltr'>eo</span> <span class='ocrx_word' id='word_1_236' title='bbox 477 1539 542 1578; x_wconf 89' lang='lat' dir='ltr'>suo</span> <span class='ocrx_word' id='word_1_237' title='bbox 559 1553 732 1592; x_wconf 88' lang='lat' dir='ltr'>tempore</span> <span class='ocrx_word' id='word_1_238' title='bbox 749 1541 793 1577; x_wconf 75' lang='lat' dir='ltr'>sit</span> <span class='ocrx_word' id='word_1_239' title='bbox 825 1554 957 1578; x_wconf 76' lang='lat' dir='ltr'>notata</span> <span class='ocrx_word' id='word_1_240' title='bbox 979 1557 986 1578; x_wconf 91' lang='lat'><strong>:</strong></span> <span class='ocrx_word' id='word_1_241' title='bbox 1018 1544 1083 1586; x_wconf 61' lang='grc' dir='ltr'>ἃ,</span> <span class='ocrx_word' id='word_1_242' title='bbox 1115 1543 1213 1592; x_wconf 86' lang='lat' dir='ltr'>quod</span> <span class='ocrx_word' id='word_1_243' title='bbox 1233 1542 1334 1578; x_wconf 84' lang='lat' dir='ltr'>diffi-</span> 
     </span>
     <span class='ocr_line' id='line_1_28' title="bbox 161 1594 1334 1646; baseline 0 -14"><span class='ocrx_word' id='word_1_244' title='bbox 161 1594 355 1632; x_wconf 86' lang='lat' dir='ltr'>cillimum</span> <span class='ocrx_word' id='word_1_245' title='bbox 374 1594 449 1631; x_wconf 80' lang='lat' dir='ltr'>fuit</span> <span class='ocrx_word' id='word_1_246' title='bbox 467 1617 480 1638; x_wconf 81' lang='lat'>‚</span> <span class='ocrx_word' id='word_1_247' title='bbox 511 1595 558 1632; x_wconf 78' lang='lat' dir='ltr'>sic</span> <span class='ocrx_word' id='word_1_248' title='bbox 573 1594 810 1631; x_wconf 79' lang='lat' dir='ltr'>familiarum</span> <span class='ocrx_word' id='word_1_249' title='bbox 829 1598 1016 1646; x_wconf 75' lang='lat' dir='ltr'>originem</span> <span class='ocrx_word' id='word_1_250' title='bbox 1036 1595 1230 1633; x_wconf 81' lang='lat' dir='ltr'>subtexuit</span> <span class='ocrx_word' id='word_1_251' title='bbox 1247 1620 1259 1641; x_wconf 79' lang='lat'>,</span> <span class='ocrx_word' id='word_1_252' title='bbox 1289 1606 1334 1632; x_wconf 85' lang='lat' dir='ltr'>ut</span> 
     </span>
     <span class='ocr_line' id='line_1_29' title="bbox 163 1648 1334 1701; baseline 0.001 -16"><span class='ocrx_word' id='word_1_253' title='bbox 163 1661 208 1685; x_wconf 83' lang='lat' dir='ltr'>ex</span> <span class='ocrx_word' id='word_1_254' title='bbox 228 1662 272 1685; x_wconf 87' lang='lat' dir='ltr'>eo</span> <span class='ocrx_word' id='word_1_255' title='bbox 289 1648 480 1685; x_wconf 84' lang='lat' dir='ltr'>clarorum</span> <span class='ocrx_word' id='word_1_256' title='bbox 503 1651 671 1685; x_wconf 89' lang='lat' dir='ltr'>virorum</span> <span class='ocrx_word' id='word_1_257' title='bbox 690 1652 918 1700; x_wconf 78' lang='lat' dir='ltr'>propagines</span> <span class='ocrx_word' id='word_1_258' title='bbox 936 1649 1113 1700; x_wconf 72' lang='lat' dir='ltr'>possimus</span> <span class='ocrx_word' id='word_1_259' title='bbox 1130 1648 1334 1701; x_wconf 79' lang='lat' dir='ltr'>eognosce-</span> 
     </span>
     <span class='ocr_line' id='line_1_30' title="bbox 161 1699 1334 1753; baseline 0 -14"><span class='ocrx_word' id='word_1_260' title='bbox 161 1715 221 1739; x_wconf 83' lang='lat' dir='ltr'>re.</span> <span class='ocrx_word' id='word_1_261' title='bbox 254 1699 361 1739; x_wconf 86' lang='lat' dir='ltr'>Fecit</span> <span class='ocrx_word' id='word_1_262' title='bbox 377 1702 447 1739; x_wconf 90' lang='lat' dir='ltr'>hoc</span> <span class='ocrx_word' id='word_1_263' title='bbox 465 1703 565 1738; x_wconf 85' lang='lat' dir='ltr'>idem</span> <span class='ocrx_word' id='word_1_264' title='bbox 583 1701 784 1753; x_wconf 86' lang='lat' dir='ltr'>separatim</span> <span class='ocrx_word' id='word_1_265' title='bbox 804 1706 841 1739; x_wconf 79' lang='lat' dir='ltr'>in</span> <span class='ocrx_word' id='word_1_266' title='bbox 859 1703 948 1740; x_wconf 81' lang='lat' dir='ltr'>aliis</span> <span class='ocrx_word' id='word_1_267' title='bbox 967 1703 1094 1748; x_wconf 86' lang='lat' dir='ltr'>libris·,</span> <span class='ocrx_word' id='word_1_268' title='bbox 1112 1715 1154 1740; x_wconf 89' lang='lat' dir='ltr'>ut</span> <span class='ocrx_word' id='word_1_269' title='bbox 1172 1702 1334 1740; x_wconf 59' lang='grc' dir='ltr'>ΜΒΝ-</span> 
     </span>
     <span class='ocr_line' id='line_1_31' title="bbox 162 1755 1333 1807; baseline 0.001 -15"><span class='ocrx_word' id='word_1_270' title='bbox 162 1758 193 1792; x_wconf 93' lang='lat' dir='ltr'>ti</span> <span class='ocrx_word' id='word_1_271' title='bbox 211 1768 344 1806; x_wconf 85' lang='lat' dir='ltr'>rogatu</span> <span class='ocrx_word' id='word_1_272' title='bbox 361 1755 514 1805; x_wconf 76' lang='lat' dir='ltr'>Juniam</span> <span class='ocrx_word' id='word_1_273' title='bbox 534 1755 726 1793; x_wconf 84' lang='lat' dir='ltr'>familiam</span> <span class='ocrx_word' id='word_1_274' title='bbox 744 1771 763 1794; x_wconf 87' lang='lat' dir='ltr'>a</span> <span class='ocrx_word' id='word_1_275' title='bbox 783 1756 896 1807; x_wconf 87' lang='lat' dir='ltr'>stirpe</span> <span class='ocrx_word' id='word_1_276' title='bbox 912 1757 959 1793; x_wconf 86' lang='lat' dir='ltr'>ad</span> <span class='ocrx_word' id='word_1_277' title='bbox 978 1757 1075 1795; x_wconf 89' lang='lat' dir='ltr'>hanc</span> <span class='ocrx_word' id='word_1_278' title='bbox 1100 1770 1248 1794; x_wconf 68' lang='lat' dir='ltr'>aetatem</span> <span class='ocrx_word' id='word_1_279' title='bbox 1271 1770 1333 1794; x_wconf 88' lang='lat' dir='ltr'>or-</span> 
     </span>
     <span class='ocr_line' id='line_1_32' title="bbox 166 1810 1334 1863; baseline 0.003 -18"><span class='ocrx_word' id='word_1_280' title='bbox 166 1812 256 1846; x_wconf 90' lang='lat' dir='ltr'>dine</span> <span class='ocrx_word' id='word_1_281' title='bbox 272 1813 556 1848; x_wconf 77' lang='lat' dir='ltr'>enumeraverit</span> <span class='ocrx_word' id='word_1_282' title='bbox 574 1834 587 1856; x_wconf 76' lang='lat'>,</span> <span class='ocrx_word' id='word_1_283' title='bbox 604 1822 744 1848; x_wconf 86' lang='lat' dir='ltr'>notans</span> <span class='ocrx_word' id='word_1_284' title='bbox 760 1813 857 1862; x_wconf 81' lang='lat' dir='ltr'>qui,</span> <span class='ocrx_word' id='word_1_285' title='bbox 874 1824 892 1847; x_wconf 85' lang='lat' dir='ltr'>a</span> <span class='ocrx_word' id='word_1_286' title='bbox 912 1824 987 1862; x_wconf 91' lang='lat' dir='ltr'>quo</span> <span class='ocrx_word' id='word_1_287' title='bbox 1003 1823 1109 1849; x_wconf 89' lang='lat' dir='ltr'>ortus</span> <span class='ocrx_word' id='word_1_288' title='bbox 1122 1836 1135 1857; x_wconf 86' lang='lat'>‚</span> <span class='ocrx_word' id='word_1_289' title='bbox 1153 1825 1247 1863; x_wconf 89' lang='lat' dir='ltr'>quos</span> <span class='ocrx_word' id='word_1_290' title='bbox 1264 1810 1334 1848; x_wconf 90' lang='lat' dir='ltr'>ho-</span> 
     </span>
     <span class='ocr_line' id='line_1_33' title="bbox 164 1863 1332 1915; baseline 0.002 -16"><span class='ocrx_word' id='word_1_291' title='bbox 164 1877 275 1899; x_wconf 87' lang='lat' dir='ltr'>nores</span> <span class='ocrx_word' id='word_1_292' title='bbox 303 1887 316 1906; x_wconf 71' lang='lat'>,</span> <span class='ocrx_word' id='word_1_293' title='bbox 347 1863 560 1914; x_wconf 89' lang='lat' dir='ltr'>quibusque</span> <span class='ocrx_word' id='word_1_294' title='bbox 589 1865 825 1915; x_wconf 84' lang='lat' dir='ltr'>temporibus</span> <span class='ocrx_word' id='word_1_295' title='bbox 857 1864 1011 1915; x_wconf 82' lang='lat' dir='ltr'>cepisset</span> <span class='ocrx_word' id='word_1_296' title='bbox 1034 1880 1041 1901; x_wconf 90' lang='lat'>:</span> <span class='ocrx_word' id='word_1_297' title='bbox 1073 1868 1155 1915; x_wconf 84' lang='lat' dir='ltr'>pari</span> <span class='ocrx_word' id='word_1_298' title='bbox 1186 1866 1300 1902; x_wconf 85' lang='lat' dir='ltr'>modo</span> <span class='ocrx_word' id='word_1_299' title='bbox 1319 1887 1332 1910; x_wconf 80' lang='lat'>,</span> 
     </span>
     <span class='ocr_line' id='line_1_34' title="bbox 165 1916 1334 1969; baseline 0.003 -17"><span class='ocrx_word' id='word_1_300' title='bbox 165 1916 349 1953; x_wconf 85' lang='lat' dir='ltr'>Marcelli</span> <span class='ocrx_word' id='word_1_301' title='bbox 378 1916 537 1954; x_wconf 83' lang='lat' dir='ltr'>Claudii</span> <span class='ocrx_word' id='word_1_302' title='bbox 557 1942 568 1962; x_wconf 89' lang='lat'>,</span> <span class='ocrx_word' id='word_1_303' title='bbox 599 1919 646 1955; x_wconf 87' lang='lat' dir='ltr'>de</span> <span class='ocrx_word' id='word_1_304' title='bbox 676 1919 956 1956; x_wconf 87' lang='lat' dir='ltr'>Marcellorum</span> <span class='ocrx_word' id='word_1_305' title='bbox 975 1934 982 1955; x_wconf 75' lang='grc' dir='ltr'>ε</span> <span class='ocrx_word' id='word_1_306' title='bbox 1014 1919 1204 1969; x_wconf 87' lang='lat' dir='ltr'>Scipionis</span> <span class='ocrx_word' id='word_1_307' title='bbox 1233 1918 1334 1955; x_wconf 87' lang='lat' dir='ltr'>Cor-</span> 
     </span>
     <span class='ocr_line' id='line_1_35' title="bbox 164 1969 1336 2018; baseline 0.003 -13"><span class='ocrx_word' id='word_1_308' title='bbox 164 1969 259 2006; x_wconf 88' lang='lat' dir='ltr'>nelii</span> <span class='ocrx_word' id='word_1_309' title='bbox 278 1994 290 2015; x_wconf 88' lang='lat'>‚</span> <span class='ocrx_word' id='word_1_310' title='bbox 320 1971 355 2006; x_wconf 74' lang='grc' dir='ltr'>ὅ(</span> <span class='ocrx_word' id='word_1_311' title='bbox 371 1969 481 2007; x_wconf 88' lang='lat' dir='ltr'>Fabii</span> <span class='ocrx_word' id='word_1_312' title='bbox 500 1971 702 2017; x_wconf 78' lang='lat' dir='ltr'>Maximi,</span> <span class='ocrx_word' id='word_1_313' title='bbox 733 1972 778 2009; x_wconf 92' lang='lat' dir='ltr'>de</span> <span class='ocrx_word' id='word_1_314' title='bbox 792 1972 1065 2010; x_wconf 88' lang='lat' dir='ltr'>Corneliorum</span> <span class='ocrx_word' id='word_1_315' title='bbox 1084 1997 1098 2018; x_wconf 62' lang='lat'>5</span> <span class='ocrx_word' id='word_1_316' title='bbox 1128 1973 1162 2009; x_wconf 73' lang='grc' dir='ltr'>ὅ(</span> <span class='ocrx_word' id='word_1_317' title='bbox 1195 1971 1336 2009; x_wconf 79' lang='lat' dir='ltr'>Fabio-</span> 
     </span>
     <span class='ocr_line' id='line_1_36' title="bbox 165 2023 1335 2079; baseline 0.003 -19"><span class='ocrx_word' id='word_1_318' title='bbox 165 2037 248 2060; x_wconf 78' lang='lat' dir='ltr'>rum</span> <span class='ocrx_word' id='word_1_319' title='bbox 265 2048 279 2071; x_wconf 84' lang='lat'>‚</span> <span class='ocrx_word' id='word_1_320' title='bbox 308 2024 344 2060; x_wconf 87' lang='lat'>&amp;</span> <span class='ocrx_word' id='word_1_321' title='bbox 364 2023 624 2062; x_wconf 85' lang='lat' dir='ltr'>AEmiliorum</span> <span class='ocrx_word' id='word_1_322' title='bbox 643 2039 794 2079; x_wconf 87' lang='lat' dir='ltr'>quoque</span> <span class='ocrx_word' id='word_1_323' title='bbox 811 2041 819 2062; x_wconf 93' lang='lat'><strong>:</strong></span> <span class='ocrx_word' id='word_1_324' title='bbox 849 2026 987 2079; x_wconf 83' lang='lat' dir='ltr'>quibus</span> <span class='ocrx_word' id='word_1_325' title='bbox 1005 2026 1116 2065; x_wconf 74' lang='lat' dir='ltr'>libris</span> <span class='ocrx_word' id='word_1_326' title='bbox 1146 2027 1246 2064; x_wconf 84' lang='lat' dir='ltr'>nihil</span> <span class='ocrx_word' id='word_1_327' title='bbox 1264 2039 1335 2076; x_wconf 82' lang='lat' dir='ltr'>po-</span> 
     </span>
    </p>
   </div>
   <div class='ocr_carea' id='block_1_3' title="bbox 1209 2078 1280 2118">
    <p class='ocr_par' dir='ltr' id='par_1_5' title="bbox 1209 2078 1280 2118">
     <span class='ocr_line' id='line_1_37' title="bbox 1209 2078 1280 2118; baseline 0.028 -2"><span class='ocrx_word' id='word_1_328' title='bbox 1209 2078 1280 2118; x_wconf 85' lang='lat' dir='ltr'>test</span> 
     </span>
    </p>
   </div>
  </div>
 </body>
</html>
