1714 2719
268 176 872 221 THEMlsTocLEs.
953 180 1003 220 11.
1125 192 1168 219 rr

61 258 233 315 prodibat
254 281 268 305 ‚
296 257 402 295 nulla
420 269 475 293 res
490 257 612 306 major
630 255 704 292 fine
719 270 764 292 eo
807 255 981 293 erebatur
996 281 1010 302 ‚
1028 258 1226 298 celeriter·

62 328 134 367 que
150 326 227 364 quae
243 324 335 363 opus
351 321 456 348 erant
471 332 484 355 ‚
515 309 723 359 reperiebat
741 332 753 352 ‚
771 270 887 346 igacilc
903 310 1032 347 cadem
1049 316 1225 352 oratione

62 367 279 418 explicabat
298 392 306 400 .
337 362 473 415 Neque
488 365 614 399 minus
634 365 669 398 in
690 362 796 399 rebus
813 365 987 413 gerendis
1023 378 1194 414 promtus
1209 390 1226 412 ‚

64 434 175 473 quam
205 417 464 470 excogitandis
482 439 495 460 ,
523 429 630 461 erat,
660 416 759 467 quod
789 416 833 457 (5
859 415 903 452 de
917 416 1220 470 instantibus(ut

65 479 118 513 ait
141 472 381 522 Thucydides
398 471 412 519 )
428 469 592 515 veriffl‘me
613 467 810 516 judicabat
826 493 839 514 ‚
867 469 912 511 (ς’
924 469 964 507 de
983 471 1133 518 futuris
1146 472 1224 509 tal·

67 526 222 574 lidsffime
251 522 459 572 conjiciebat
476 550 484 558 .
515 525 604 583 Qo
624 522 766 561 saelum
783 521 833 560 est
850 546 864 569 ,
893 536 932 561 ut
952 524 1057 563 brevi
1075 538 1225 577 tempo-

69 596 108 620 re
122 578 369 617 illustraretur
386 604 394 612 .

114 631 164 671 ΙΙ.
197 632 342 670 Primus
357 642 482 668 autem
499 630 633 682 gradus
664 629 738 666 suit
754 628 978 680 capessendae
1007 633 1223 683 reipublica

64 686 166 725 bello
182 685 400 735 Corcyraeo:
419 684 466 720 ad
483 684 580 735 quod
601 683 804 737 gerendum
821 696 954 733 praetor
969 698 986 721 a
1007 687 1148 736 populo
1165 686 1224 724 fa-

63 739 144 779 &us
160 763 173 786 ‚
203 754 277 776 non
308 738 430 775 solum
460 736 627 788 praesenti
659 736 761 774 bello
788 760 801 781 ,
832 736 891 774 sed
923 740 1040 776 etiam
1071 741 1220 792 reliquo

63 805 232 844 tempore
248 791 468 830 ferociorem
486 791 647 828 reddidit
665 792 861 827 civitatem
879 818 887 825 .
917 789 1019 829 Nam
1055 807 1139 830 cum
1157 807 1223 844 pe-

65 850 175 884 cunia
205 845 355 896 publica
374 868 387 890 ‚
416 858 494 895 quae
524 857 567 882 ex
599 844 767 881 metallis
800 844 945 882 redibat
971 869 985 891 ‚
1015 846 1222 898 largitione

66 898 348 951 magistratuum
367 900 573 949 quotannis
594 900 763 934 interiret
781 921 793 941 ,
823 898 891 934 ille
908 898 1084 948 persuasit
1101 914 1222 952 popu-

66 953 106 989 lo
122 975 135 997 ,
165 964 204 989 ut
220 965 260 988 ea
279 952 434 1000 pecunia
452 949 574 987 claffis
604 962 754 987 centum
773 953 926 986 navium
948 952 1193 991 aedificaretur
1206 981 1219 990 .

64 1007 149 1066 Qa
166 1004 338 1041 celeriter
351 1001 478 1039 effeaa
497 1025 511 1048 ‚
537 1005 701 1052 primum
721 1002 937 1051 Corcyraeos
954 1004 1069 1056 fregit
1087 1030 1099 1050 ‚
1112 1008 1223 1044 dein-

64 1061 109 1096 de
126 1059 336 1094 maritimos
354 1056 541 1106 praedones
558 1055 808 1093 conseStando
833 1069 933 1094 mare
949 1069 1076 1095 tutum
1095 1061 1223 1097 reddi-

64 1112 121 1149 dit
138 1138 146 1147 .
176 1108 219 1147 ln
236 1124 310 1161 quo
324 1123 408 1147 curn
424 1108 574 1146 divitiis
591 1111 743 1146 ornavit
760 1132 772 1153 ,
802 1122 882 1146 tum
909 1114 1023 1148 etiam
1042 1114 1220 1162 peritiffi·

66 1177 146 1202 mos
162 1163 253 1201 belli
270 1162 418 1200 navalis
448 1160 539 1199 fecit
555 1161 810 1200 Athenienses
828 1190 835 1198 .
866 1163 906 1201 ld
927 1178 1074 1215 quantae
1103 1166 1218 1204 saluti

67 1216 177 1255 suerit
194 1215 368 1254 universae
395 1213 551 1253 Graeciae
569 1239 582 1261 ‚
613 1216 714 1254 bello
744 1219 937 1267 cognitum
969 1218 1018 1255 est
1045 1218 1216 1258 Persico.

66 1270 166 1308 Nam
183 1284 266 1307 cum
284 1268 429 1306 Xerxes
444 1269 481 1306 &
494 1271 591 1306 mari
607 1270 643 1306 &
673 1282 770 1307 terra
790 1270 932 1313 bellum
952 1273 1130 1310 universae
1159 1277 1219 1311 in·

65 1322 176 1361 ferret
193 1323 373 1374 Europae,
401 1336 484 1360 cum
502 1325 620 1360 tantis
637 1337 718 1360 eam
735 1326 854 1374 copiis
873 1325 1009 1362 invasit
1025 1349 1037 1372 ,
1083 1339 1218 1365 nantas

66 1391 186 1428 neque
200 1388 288 1413 ante
306 1400 319 1422 ,
347 1389 467 1426 neque
482 1375 607 1426 postea
624 1376 757 1414 habuit
775 1377 974 1429 quisquam
993 1407 1000 1415 .
1033 1340 1161 1431 Pllujus
1177 1395 1219 1418 e·

67 1433 145 1467 nim
173 1429 292 1468 claffis
335 1429 443 1467 mille
481 1430 517 1466 &
548 1430 796 1468 ducentarum
827 1434 984 1469 navium
1015 1433 1217 1486 longarum

67 1482 140 1521 fuit
157 1507 170 1529 ,
198 1497 308 1534 quam
324 1483 397 1520 duo
412 1483 536 1520 millia
553 1486 811 1521 onerariarum
837 1484 1087 1536 sequebantur
1104 1502 1110 1524 :
1141 1500 1220 1525 ter·

68 1535 195 1574 restres
210 1549 334 1574 autem
363 1540 546 1574 exercitus
566 1536 888 1589 septingentorum
918 1540 1089 1577 millium
1107 1542 1219 1592 pedi-

68 1602 149 1627 turn
161 1612 174 1635 ,
190 1593 357 1641 equitum
373 1590 731 1642 quadringentorum
748 1592 915 1629 millium
932 1591 1088 1632 suerunt
1099 1621 1109 1630 .
1137 1594 1220 1633 Cu-

65 1644 125 1694 jus
141 1644 186 1680 de
201 1645 366 1681 adventu
380 1657 462 1680 eum
479 1642 578 1681 fama
596 1647 635 1682 in
660 1643 848 1683 Graeciam
866 1646 956 1684 esset
974 1648 1119 1697 perlata
1139 1671 1153 1694 ‚
1179 1649 1218 1686 δε

66 1699 233 1734 maxime
260 1695 510 1734 Athenienses
527 1701 604 1748 peti
621 1699 838 1737 dicerentur
867 1714 1021 1751 propter
1050 1715 1216 1754 pugnam

67 1748 354 1787 Marathoniam
371 1775 384 1796 ,
414 1750 592 1789 miserunt
621 1751 799 1804 Delphos
829 1752 1044 1791 consultum
1063 1779 1074 1799 ‚
1104 1756 1216 1806 quid-

67 1815 154 1840 nam
170 1802 335 1841 facerent
347 1805 391 1841 de
406 1803 512 1842 rebus
527 1804 599 1844 suis
612 1833 621 1841 .
651 1805 971 1845 Deliberantibus
1004 1807 1141 1857 Pythia
1158 1823 1216 1847 re«

65 1854 89 1892 s
110 1857 216 1894 ondit
233 1880 246 1903 ,
274 1869 315 1894 ut
331 1857 516 1895 moenibus
532 1859 667 1911 ligneis
686 1860 722 1898 se
749 1864 943 1898 munirent
961 1888 969 1896 .
1001 1860 1044 1898 ld
1061 1862 1215 1913 respon-

65 1869 145 1947 [ειη
164 1923 237 1961 quo
254 1911 398 1949 valeret
416 1935 428 1957 ‚
457 1925 541 1949 cum
573 1914 807 1966 intelligeret
824 1929 936 1952 nemo
953 1939 965 1960 ,
997 1914 1213 1954 Themisto-

63 1962 140 2000 cles
169 1963 342 2013 persuasit
359 1988 372 2010 ,
402 1965 598 2003 confilium
626 1966 698 2005 esse
713 1967 915 2021 Apollinis
934 1993 946 2014 ‚
974 1981 1015 2006 ut
1038 1972 1075 2006 in
1093 1983 1211 2007 naves

63 2013 101 2053 se
115 2014 252 2068 suaque
281 2017 494 2056 conferrent
514 2033 524 2065 3
555 2034 639 2058 eum
656 2024 758 2060 enim
783 2022 983 2073 significari
999 2037 1148 2060 murum
1166 2023 1215 2060 li-

64 2080 199 2121 gneum
215 2098 224 2109 .
257 2069 347 2111 Tali
378 2071 533 2114 consilio
550 2074 712 2128 probato
728 2099 742 2126 ,
769 2076 914 2117 addunt
942 2076 990 2115 ad
1007 2075 1214 2128 superiores

1067 2142 1164 2171 teti«
