1714 2719
426 264 465 295 ta
489 256 577 294 esset
593 256 734 293 tuenda
754 255 877 293 eidem
893 257 954 292 cui
972 253 1194 292 Alexander
1209 260 1377 294 moriens
1404 257 1590 297 annulum

429 310 538 348 suum
556 311 708 347 dederat
725 333 738 355 ‚
767 308 951 347 Perdiccae
969 322 981 352 3
1013 321 1056 345 ex
1075 322 1150 359 quo
1165 324 1296 349 omnes
1321 313 1560 362 conjecerant
1576 337 1591 360 ‚

432 378 518 400 eum
537 376 690 414 regnum
709 365 742 400 ei
760 360 1052 407 commendasse,
1064 365 1188 411 quoad
1205 364 1316 401 liberi
1333 366 1412 415 ejus
1430 368 1468 402 in
1487 365 1593 403 suam

429 416 591 456 tutelam
609 416 881 467 pervenissent,
905 415 1091 462 (aberant
1109 419 1210 454 enim
1226 417 1408 455 Craterus
1425 442 1437 463 ,
1457 421 1490 455 ὅ(
1507 417 1594 456 An·
1622 419 1626 424 ”

430 473 572 521 tipater
589 494 601 515 ,
619 473 682 520 qui
702 471 925 507 antecedere
941 467 1040 506 hunc
1058 471 1308 509 videbantur:
1324 484 1496 509 mortuus
1514 484 1595 510 crat

432 521 652 574 Hephaestio
670 547 682 568 ,
712 537 822 574 quern
856 535 971 559 unum
990 522 1211 561 Alexander
1227 550 1239 571 ‚
1270 526 1368 576 quod
1390 524 1506 563 facile
1535 529 1597 563 in-

433 576 562 628 telligi
580 575 699 627 posset
716 600 731 621 ‚
759 577 919 626 plurimi
951 573 1091 613 fecerat
1109 578 1124 625 )
1141 578 1210 615 hoc
1241 589 1412 629 tempore
1427 580 1515 616 data
1543 578 1596 617 est

430 630 857 679 EumeniCappadocia
878 654 889 673 ‚
920 627 994 665 sive
1023 633 1149 679 potius
1165 631 1297 676 di&a;
1329 646 1415 669 nam
1444 646 1524 669 tum
1556 636 1596 669 in

436 683 599 721 hostium
616 695 694 720 erat
726 682 911 731 potestate
929 710 938 717 .
972 680 1090 718 Hunc
1105 682 1170 719 sibi
1202 684 1398 722 Perdiccas
1413 687 1600 730 adjunxe-

435 748 492 774 rat
509 751 646 786 magno
664 735 786 771 studio
803 759 816 780 ,
848 735 945 786 quod
965 736 1003 769 in
1020 734 1176 772 homine
1193 736 1304 773 fidem
1323 738 1358 772 &
1376 731 1599 775 indu'striam

435 803 613 841 magnam
633 788 788 825 videbat
805 812 818 833 ,
848 802 923 824 non
955 786 1133 825 dubitans
1151 811 1164 833 3
1194 789 1218 829 fi
1251 803 1335 826 eum
1353 789 1569 841 pellexisset
1586 814 1602 836 ,

436 857 576 894 magno
592 841 672 879 usui
691 841 772 878 fore
789 841 854 878 fibi
873 845 910 877 in
930 841 988 877 his
1006 840 1113 878 rebus
1132 856 1223 892 quas
1253 844 1462 893 apparabat
1479 871 1487 878 .
1517 843 1599 882 Co-

435 897 583 948 gitabat
614 898 714 932 enim
733 895 749 945 (
773 896 873 946 quod
904 894 983 931 fere
1012 908 1142 931 omnes
1179 898 1218 933 ‘m
1250 899 1399 948 magnis
1430 900 1603 947 imperiis

436 948 707 999 concupiscunt
724 950 738 998 )
756 951 927 986 omnium
947 959 1072 998 partes
1089 953 1276 999 corripere
1294 961 1410 1002 atque
1426 950 1598 1001 comple-

436 1003 488 1041 &i
508 1031 515 1038 .
547 1001 683 1053 Neque
701 1016 788 1040 vero
807 1002 876 1040 hoc
897 1001 996 1039 solus
1013 1001 1104 1039 fecit
1122 1026 1134 1048 ,
1165 1002 1224 1040 sed
1246 1006 1359 1041 ceteri
1377 1018 1526 1055 quoque
1555 1019 1597 1041 o-

437 1070 545 1094 mnes
562 1059 627 1107 qui
643 1056 858 1092 Alexandri
874 1055 1026 1093 fuerant
1042 1058 1180 1093 amici.
1209 1055 1358 1094 Primus
1376 1056 1599 1094 Leonnatus

440 1110 714 1147 Macedoniam
732 1122 988 1159 praeoccupare
1004 1107 1145 1146 destina
1154 1123 1259 1147 verat
1277 1138 1285 1145 .
1315 1109 1352 1147 Is
1368 1110 1503 1147 multis
1522 1123 1604 1146 ma-

441 1165 528 1213 gnis
561 1162 912 1213 pollicitationibus
944 1162 1164 1213 persuadere
1193 1162 1358 1200 Eumeni
1389 1162 1530 1200 studuit
1557 1173 1600 1199 ut

441 1216 661 1254 Perdiccam
690 1216 872 1254 desereret
910 1241 924 1262 ,
951 1231 995 1254 ac
1026 1216 1148 1254 secum
1179 1215 1320 1254 faceret
1351 1215 1570 1254 societatem
1589 1243 1598 1250 .

441 1269 544 1306 Cum
573 1271 774 1320 perducere
798 1284 883 1308 eum
913 1285 989 1308 non
1019 1270 1138 1321 posset
1154 1293 1167 1315 ,
1198 1269 1410 1307 interficere
1441 1281 1601 1307 conatus

442 1323 520 1360 est:
551 1324 587 1359 &
603 1322 746 1361 fecisset
764 1347 776 1369 ‚
805 1324 873 1361 nisi
906 1324 973 1361 ille
990 1325 1088 1361 clam
1106 1322 1219 1361 ιῑοᾶἲιι
1252 1336 1297 1361 cx
1329 1323 1504 1374 praesidiis
1522 1323 1602 1374 ejus

446 1377 632 1427 effugisset
651 1405 658 1412 .
1601 1419 1603 1421 ¹

498 1429 568 1466 III.
598 1429 757 1468 Interim
775 1433 937 1469 conflata
955 1431 1039 1468 sunt
1057 1431 1126 1468 illa
1144 1430 1245 1468 bella
1264 1444 1341 1481 quae
1359 1430 1406 1467 ad
1443 1433 1611 1466 interne-

447 1487 598 1523 cionem
614 1483 694 1535 post
711 1484 927 1522 Alexandri
943 1497 1104 1522 mortem
1130 1484 1229 1536 gesta
1261 1484 1346 1521 sunt
1363 1507 1376 1529 ,
1406 1482 1610 1533 omnesque

449 1549 717 1576 concurrerunt
733 1539 780 1575 ad
797 1537 1015 1576 Perdiccam
1032 1539 1325 1589 opprimendum
1342 1566 1350 1574 .
1381 1539 1507 1598 Qem
1546 1535 1611 1573 etsi

450 1591 645 1629 infirmum
663 1591 815 1630 videbat
833 1616 846 1638 ,
875 1593 973 1644 quod
993 1606 1087 1629 uuus
1104 1591 1282 1629 omnibus
1308 1591 1470 1629 resistere
1500 1603 1611 1641 coge-

452 1646 594 1692 batur,
623 1658 752 1683 tamen
781 1648 948 1683 amicum
977 1661 1053 1683 non
1087 1645 1250 1683 deseruit
1280 1670 1294 1691 ,
1332 1659 1453 1696 neque
1482 1643 1613 1680 salutis

453 1713 567 1751 quam
585 1699 671 1736 fidei
688 1699 764 1736 suit
783 1700 957 1750 cupidior
974 1727 981 1734 .
1015 1698 1232 1737 Praefecerat
1250 1713 1334 1736 eum
1361 1698 1558 1736 Perdiccas
1576 1697 1610 1733 ei

456 1755 558 1803 parti
577 1752 670 1790 Afiae
701 1767 778 1804 quae
810 1757 910 1790 inter
927 1753 1094 1790 Taurum
1127 1764 1298 1791 montem
1330 1754 1429 1803 jacet
1459 1775 1472 1796 ,
1500 1762 1616 1801 atque

457 1804 760 1856 Hellespontum
780 1822 786 1843 :
818 1809 853 1843 ὅ(
871 1807 984 1844 illum
1015 1821 1131 1844 unum
1169 1805 1395 1858 opposuerat
1428 1804 1619 1854 Europaeis

458 1860 686 1898 adversariis
718 1888 726 1896 .
771 1859 854 1910 Ipse
889 1860 1114 1911 AEgyptum
1147 1871 1412 1911 oppugnatum
1442 1855 1619 1895 adversus

461 1913 711 1952 Ptolemaeum
729 1926 808 1952 erat
838 1914 1027 1964 prosec‘tus
1045 1942 1053 1949 .
1096 1914 1285 1951 Eumenes
1302 1928 1385 1951 curn
1405 1925 1525 1963 neque
1540 1922 1620 1947 ma-

462 1982 554 2019 gnas
574 1970 702 2018 copias
720 1992 733 2014 ‚
762 1982 883 2019 neque
901 1967 1028 2005 firmas
1049 1968 1203 2005 haberet
1222 1992 1234 2013 ,
1265 1967 1364 2018 quod
1394 1965 1621 2003 inexercita-

462 2035 507 2058 tae
525 2045 538 2067 ,
556 2023 590 2058 &
607 2036 682 2059 non
699 2021 825 2059 multo
841 2034 930 2058 ante
951 2034 1058 2060 erant
1076 2021 1277 2060 contraffle
1294 2045 1307 2066 9
1332 2021 1538 2057 adventare
1555 2029 1623 2052 au-

465 2087 545 2114 tem
561 2076 776 2114 dicerentur
792 2100 806 2122 ‚
835 2073 1213 2128 Hellespontumque
1229 2073 1396 2113 transisse
1414 2072 1623 2120 Antipater

1423 2126 1457 2164 ὅ(
1473 2123 1570 2163 Cra-
