<?xml version="1.0" encoding="UTF-8"?>
<!DOCTYPE html PUBLIC "-//W3C//DTD XHTML 1.0 Transitional//EN"
    "http://www.w3.org/TR/xhtml1/DTD/xhtml1-transitional.dtd">
<html xmlns="http://www.w3.org/1999/xhtml" xml:lang="en" lang="en">
 <head>
  <title>
</title>
<meta http-equiv="Content-Type" content="text/html;charset=utf-8" />
  <meta name='ocr-system' content='tesseract 3.04.00' />
  <meta name='ocr-capabilities' content='ocr_page ocr_carea ocr_par ocr_line ocrx_word'/>
</head>
<body>
  <div class='ocr_page' id='page_1' title='image "./quaeexstantomnia00nepouoft_0131.png"; bbox 0 0 1714 2719; ppageno 0'>
   <div class='ocr_carea' id='block_1_1' title="bbox 296 157 1177 208">
    <p class='ocr_par' dir='ltr' id='par_1_1' title="bbox 296 157 1177 208">
     <span class='ocr_line' id='line_1_1' title="bbox 296 157 1177 208; baseline -0.002 -10"><span class='ocrx_word' id='word_1_1' title='bbox 296 157 805 199; x_wconf 76' lang='lat' dir='ltr'>TIMOLEON.</span> <span class='ocrx_word' id='word_1_2' title='bbox 887 157 998 198; x_wconf 85' lang='lat' dir='ltr'>XX.</span> <span class='ocrx_word' id='word_1_3' title='bbox 1130 173 1177 208; x_wconf 83' lang='lat'>91</span> 
     </span>
    </p>
   </div>
   <div class='ocr_carea' id='block_1_2' title="bbox 237 292 1065 473">
    <p class='ocr_par' dir='ltr' id='par_1_2' title="bbox 237 292 1065 473">
     <span class='ocr_line' id='line_1_2' title="bbox 237 292 1065 359; baseline 0.001 -3"><span class='ocrx_word' id='word_1_4' title='bbox 237 292 1065 359; x_wconf 86' lang='lat' dir='ltr'><strong>TIMOLEON.</strong></span> 
     </span>
     <span class='ocr_line' id='line_1_3' title="bbox 599 433 711 473; baseline -0.009 0"><span class='ocrx_word' id='word_1_5' title='bbox 599 433 711 473; x_wconf 76' lang='lat' dir='ltr'>xx.</span> 
     </span>
    </p>
   </div>
   <div class='ocr_carea' id='block_1_3' title="bbox 67 559 1233 612">
    <p class='ocr_par' dir='ltr' id='par_1_3' title="bbox 67 559 1233 612">
     <span class='ocr_line' id='line_1_4' title="bbox 67 559 1233 612; baseline 0.001 -12"><span class='ocrx_word' id='word_1_6' title='bbox 67 562 95 600; x_wconf 84' lang='grc' dir='ltr'>Ι.</span> <span class='ocrx_word' id='word_1_7' title='bbox 227 561 493 601; x_wconf 83' lang='lat' dir='ltr'>IMOLEON</span> <span class='ocrx_word' id='word_1_8' title='bbox 522 563 778 601; x_wconf 82' lang='lat' dir='ltr'>Corinthius.</span> <span class='ocrx_word' id='word_1_9' title='bbox 811 562 900 600; x_wconf 85' lang='lat' dir='ltr'>Sine</span> <span class='ocrx_word' id='word_1_10' title='bbox 928 559 1045 600; x_wconf 73' lang='lat' dir='ltr'>dubio</span> <span class='ocrx_word' id='word_1_11' title='bbox 1072 577 1233 612; x_wconf 64' lang='lat' dir='ltr'>magnus</span> 
     </span>
    </p>
   </div>
   <div class='ocr_carea' id='block_1_4' title="bbox 55 615 1235 2116">
    <p class='ocr_par' dir='ltr' id='par_1_4' title="bbox 55 615 1235 2116">
     <span class='ocr_line' id='line_1_5' title="bbox 249 615 1232 668; baseline 0 -15"><span class='ocrx_word' id='word_1_12' title='bbox 249 620 422 654; x_wconf 86' lang='lat' dir='ltr'>omnium</span> <span class='ocrx_word' id='word_1_13' title='bbox 438 618 583 668; x_wconf 85' lang='lat' dir='ltr'>judicio</span> <span class='ocrx_word' id='word_1_14' title='bbox 601 619 660 654; x_wconf 84' lang='lat' dir='ltr'>hic</span> <span class='ocrx_word' id='word_1_15' title='bbox 678 621 736 654; x_wconf 87' lang='lat' dir='ltr'>vir</span> <span class='ocrx_word' id='word_1_16' title='bbox 753 615 902 654; x_wconf 87' lang='lat' dir='ltr'>exstitit</span> <span class='ocrx_word' id='word_1_17' title='bbox 921 644 928 652; x_wconf 94' lang='lat'>.</span> <span class='ocrx_word' id='word_1_18' title='bbox 948 615 1127 668; x_wconf 86' lang='lat' dir='ltr'>Namque</span> <span class='ocrx_word' id='word_1_19' title='bbox 1145 618 1232 654; x_wconf 88' lang='lat' dir='ltr'>huic</span> 
     </span>
     <span class='ocr_line' id='line_1_6' title="bbox 62 670 1232 722; baseline 0 -14"><span class='ocrx_word' id='word_1_20' title='bbox 62 673 129 708; x_wconf 85' lang='lat' dir='ltr'>uni</span> <span class='ocrx_word' id='word_1_21' title='bbox 145 674 308 722; x_wconf 85' lang='lat' dir='ltr'>contigit</span> <span class='ocrx_word' id='word_1_22' title='bbox 327 695 340 716; x_wconf 82' lang='lat'>,</span> <span class='ocrx_word' id='word_1_23' title='bbox 370 673 470 721; x_wconf 79' lang='lat' dir='ltr'>quod</span> <span class='ocrx_word' id='word_1_24' title='bbox 489 671 615 709; x_wconf 87' lang='lat' dir='ltr'>nescio</span> <span class='ocrx_word' id='word_1_25' title='bbox 643 685 690 707; x_wconf 89' lang='lat' dir='ltr'>au</span> <span class='ocrx_word' id='word_1_26' title='bbox 711 670 784 708; x_wconf 88' lang='lat' dir='ltr'>ulli</span> <span class='ocrx_word' id='word_1_27' title='bbox 803 695 816 716; x_wconf 87' lang='lat'>,</span> <span class='ocrx_word' id='word_1_28' title='bbox 849 682 888 707; x_wconf 93' lang='lat' dir='ltr'>ut</span> <span class='ocrx_word' id='word_1_29' title='bbox 919 673 1081 720; x_wconf 74' lang='lat' dir='ltr'>patriam</span> <span class='ocrx_word' id='word_1_30' title='bbox 1103 675 1140 708; x_wconf 88' lang='lat' dir='ltr'>in</span> <span class='ocrx_word' id='word_1_31' title='bbox 1159 685 1232 722; x_wconf 75' lang='lat' dir='ltr'>qua</span> 
     </span>
     <span class='ocr_line' id='line_1_7' title="bbox 59 724 1235 775; baseline 0 -14"><span class='ocrx_word' id='word_1_32' title='bbox 59 736 142 762; x_wconf 82' lang='lat' dir='ltr'>crat</span> <span class='ocrx_word' id='word_1_33' title='bbox 160 737 272 762; x_wconf 90' lang='lat' dir='ltr'>natus</span> <span class='ocrx_word' id='word_1_34' title='bbox 288 748 302 770; x_wconf 85' lang='lat'>,</span> <span class='ocrx_word' id='word_1_35' title='bbox 331 724 543 775; x_wconf 81' lang='lat' dir='ltr'>oppreffam</span> <span class='ocrx_word' id='word_1_36' title='bbox 560 739 579 762; x_wconf 85' lang='lat' dir='ltr'>a</span> <span class='ocrx_word' id='word_1_37' title='bbox 598 738 764 774; x_wconf 81' lang='lat' dir='ltr'>tyranno</span> <span class='ocrx_word' id='word_1_38' title='bbox 790 724 970 762; x_wconf 79' lang='lat' dir='ltr'>liberaret</span> <span class='ocrx_word' id='word_1_39' title='bbox 988 748 1001 770; x_wconf 84' lang='lat'>‚</span> <span class='ocrx_word' id='word_1_40' title='bbox 1031 725 1066 761; x_wconf 76' lang='grc' dir='ltr'>ἃ</span> <span class='ocrx_word' id='word_1_41' title='bbox 1083 739 1102 761; x_wconf 85' lang='lat' dir='ltr'>a</span> <span class='ocrx_word' id='word_1_42' title='bbox 1121 725 1235 773; x_wconf 80' lang='lat' dir='ltr'>Syra-</span> 
     </span>
     <span class='ocr_line' id='line_1_8' title="bbox 59 777 1234 829; baseline -0.001 -13"><span class='ocrx_word' id='word_1_43' title='bbox 59 777 155 816; x_wconf 79' lang='lat' dir='ltr'>cusls</span> <span class='ocrx_word' id='word_1_44' title='bbox 171 802 184 824; x_wconf 89' lang='lat'>,</span> <span class='ocrx_word' id='word_1_45' title='bbox 201 777 337 829; x_wconf 86' lang='lat' dir='ltr'>quibus</span> <span class='ocrx_word' id='word_1_46' title='bbox 353 779 503 815; x_wconf 78' lang='lat' dir='ltr'>auxilio</span> <span class='ocrx_word' id='word_1_47' title='bbox 520 790 598 816; x_wconf 85' lang='lat' dir='ltr'>erat</span> <span class='ocrx_word' id='word_1_48' title='bbox 615 778 746 815; x_wconf 72' lang='lat' dir='ltr'>missus</span> <span class='ocrx_word' id='word_1_49' title='bbox 763 802 776 823; x_wconf 86' lang='lat'>,</span> <span class='ocrx_word' id='word_1_50' title='bbox 793 779 1050 816; x_wconf 80' lang='lat' dir='ltr'>inveteratam</span> <span class='ocrx_word' id='word_1_51' title='bbox 1069 778 1234 816; x_wconf 87' lang='lat' dir='ltr'>servitu-</span> 
     </span>
     <span class='ocr_line' id='line_1_9' title="bbox 62 832 1232 883; baseline 0.001 -15"><span class='ocrx_word' id='word_1_52' title='bbox 62 844 140 869; x_wconf 87' lang='lat' dir='ltr'>tem</span> <span class='ocrx_word' id='word_1_53' title='bbox 157 832 369 881; x_wconf 84' lang='lat' dir='ltr'>depelleret</span> <span class='ocrx_word' id='word_1_54' title='bbox 387 855 400 876; x_wconf 78' lang='lat'><strong>‚</strong></span> <span class='ocrx_word' id='word_1_55' title='bbox 418 844 618 883; x_wconf 87' lang='lat' dir='ltr'>totamque</span> <span class='ocrx_word' id='word_1_56' title='bbox 637 832 808 869; x_wconf 80' lang='lat' dir='ltr'>Siciliam</span> <span class='ocrx_word' id='word_1_57' title='bbox 826 833 970 869; x_wconf 87' lang='lat' dir='ltr'>multos</span> <span class='ocrx_word' id='word_1_58' title='bbox 988 846 1109 869; x_wconf 83' lang='lat' dir='ltr'>annos</span> <span class='ocrx_word' id='word_1_59' title='bbox 1127 832 1232 870; x_wconf 86' lang='lat' dir='ltr'>bello</span> 
     </span>
     <span class='ocr_line' id='line_1_10' title="bbox 62 884 1233 936; baseline 0.002 -15"><span class='ocrx_word' id='word_1_60' title='bbox 62 897 241 922; x_wconf 76' lang='lat' dir='ltr'>vexatam</span> <span class='ocrx_word' id='word_1_61' title='bbox 260 910 273 932; x_wconf 85' lang='lat'>‚</span> <span class='ocrx_word' id='word_1_62' title='bbox 302 899 322 922; x_wconf 87' lang='lat' dir='ltr'>a</span> <span class='ocrx_word' id='word_1_63' title='bbox 355 885 599 935; x_wconf 86' lang='lat' dir='ltr'>barbarisque</span> <span class='ocrx_word' id='word_1_64' title='bbox 628 884 840 936; x_wconf 68' lang='lat' dir='ltr'>oppressam</span> <span class='ocrx_word' id='word_1_65' title='bbox 858 910 870 930; x_wconf 86' lang='lat'>,</span> <span class='ocrx_word' id='word_1_66' title='bbox 901 885 967 922; x_wconf 87' lang='lat' dir='ltr'>suo</span> <span class='ocrx_word' id='word_1_67' title='bbox 991 887 1161 923; x_wconf 84' lang='lat' dir='ltr'>adventu</span> <span class='ocrx_word' id='word_1_68' title='bbox 1191 889 1233 923; x_wconf 67' lang='lat' dir='ltr'>in·</span> 
     </span>
     <span class='ocr_line' id='line_1_11' title="bbox 60 937 1235 988; baseline 0.002 -14"><span class='ocrx_word' id='word_1_69' title='bbox 60 937 261 987; x_wconf 86' lang='lat' dir='ltr'>pristinum</span> <span class='ocrx_word' id='word_1_70' title='bbox 280 937 492 976; x_wconf 86' lang='lat' dir='ltr'>restitueret</span> <span class='ocrx_word' id='word_1_71' title='bbox 507 966 516 974; x_wconf 88' lang='lat'><strong><em>.</em></strong></span> <span class='ocrx_word' id='word_1_72' title='bbox 534 939 605 976; x_wconf 88' lang='lat' dir='ltr'>Sed</span> <span class='ocrx_word' id='word_1_73' title='bbox 623 953 661 975; x_wconf 90' lang='grc' dir='ltr'>ιιι</span> <span class='ocrx_word' id='word_1_74' title='bbox 679 940 738 975; x_wconf 84' lang='lat' dir='ltr'>his</span> <span class='ocrx_word' id='word_1_75' title='bbox 755 939 862 976; x_wconf 88' lang='lat' dir='ltr'>rebus</span> <span class='ocrx_word' id='word_1_76' title='bbox 881 953 956 976; x_wconf 90' lang='lat' dir='ltr'>non</span> <span class='ocrx_word' id='word_1_77' title='bbox 973 939 1136 988; x_wconf 72' lang='lat' dir='ltr'>simplici</span> <span class='ocrx_word' id='word_1_78' title='bbox 1153 938 1235 976; x_wconf 84' lang='lat' dir='ltr'>sor-</span> 
     </span>
     <span class='ocr_line' id='line_1_12' title="bbox 59 990 1232 1042; baseline 0 -14"><span class='ocrx_word' id='word_1_79' title='bbox 59 1004 150 1028; x_wconf 84' lang='lat' dir='ltr'>tuna</span> <span class='ocrx_word' id='word_1_80' title='bbox 169 990 410 1029; x_wconf 59' lang='lat' dir='ltr'>confliRatus</span> <span class='ocrx_word' id='word_1_81' title='bbox 427 991 477 1029; x_wconf 84' lang='lat' dir='ltr'>est</span> <span class='ocrx_word' id='word_1_82' title='bbox 496 1014 509 1037; x_wconf 89' lang='lat'>,</span> <span class='ocrx_word' id='word_1_83' title='bbox 539 994 574 1028; x_wconf 70' lang='grc' dir='ltr'>ὃ(</span> <span class='ocrx_word' id='word_1_84' title='bbox 593 1015 606 1036; x_wconf 86' lang='lat'>,</span> <span class='ocrx_word' id='word_1_85' title='bbox 635 992 674 1028; x_wconf 89' lang='lat' dir='ltr'>id</span> <span class='ocrx_word' id='word_1_86' title='bbox 694 992 794 1042; x_wconf 92' lang='lat' dir='ltr'>quod</span> <span class='ocrx_word' id='word_1_87' title='bbox 812 992 1008 1029; x_wconf 86' lang='lat' dir='ltr'>difficilius</span> <span class='ocrx_word' id='word_1_88' title='bbox 1040 1004 1197 1041; x_wconf 84' lang='lat' dir='ltr'>putatur</span> <span class='ocrx_word' id='word_1_89' title='bbox 1217 1016 1232 1037; x_wconf 87' lang='lat'>,</span> 
     </span>
     <span class='ocr_line' id='line_1_13' title="bbox 57 1043 1234 1095; baseline 0 -13"><span class='ocrx_word' id='word_1_90' title='bbox 57 1044 184 1082; x_wconf 88' lang='lat' dir='ltr'>multo</span> <span class='ocrx_word' id='word_1_91' title='bbox 200 1043 411 1095; x_wconf 86' lang='lat' dir='ltr'>sapientius</span> <span class='ocrx_word' id='word_1_92' title='bbox 429 1046 522 1082; x_wconf 86' lang='lat' dir='ltr'>tulit</span> <span class='ocrx_word' id='word_1_93' title='bbox 540 1044 741 1082; x_wconf 88' lang='lat' dir='ltr'>secundam</span> <span class='ocrx_word' id='word_1_94' title='bbox 760 1059 873 1095; x_wconf 87' lang='lat' dir='ltr'>quam</span> <span class='ocrx_word' id='word_1_95' title='bbox 889 1045 1088 1083; x_wconf 79' lang='lat' dir='ltr'>adversam</span> <span class='ocrx_word' id='word_1_96' title='bbox 1108 1045 1234 1082; x_wconf 87' lang='lat' dir='ltr'>sortu-</span> 
     </span>
     <span class='ocr_line' id='line_1_14' title="bbox 56 1096 1234 1149; baseline 0 -14"><span class='ocrx_word' id='word_1_97' title='bbox 56 1111 147 1135; x_wconf 87' lang='lat' dir='ltr'>nam</span> <span class='ocrx_word' id='word_1_98' title='bbox 166 1125 174 1133; x_wconf 92' lang='lat'><strong>.</strong></span> <span class='ocrx_word' id='word_1_99' title='bbox 192 1096 297 1134; x_wconf 85' lang='lat' dir='ltr'>Nam</span> <span class='ocrx_word' id='word_1_100' title='bbox 313 1111 399 1136; x_wconf 90' lang='lat' dir='ltr'>cum</span> <span class='ocrx_word' id='word_1_101' title='bbox 417 1097 537 1135; x_wconf 82' lang='lat' dir='ltr'>frater</span> <span class='ocrx_word' id='word_1_102' title='bbox 552 1100 632 1148; x_wconf 86' lang='lat' dir='ltr'>ejus</span> <span class='ocrx_word' id='word_1_103' title='bbox 647 1097 911 1149; x_wconf 84' lang='lat' dir='ltr'><strong>Timophanes</strong></span> <span class='ocrx_word' id='word_1_104' title='bbox 927 1123 940 1144; x_wconf 88' lang='lat'>,</span> <span class='ocrx_word' id='word_1_105' title='bbox 957 1099 1033 1136; x_wconf 85' lang='lat' dir='ltr'>dux</span> <span class='ocrx_word' id='word_1_106' title='bbox 1053 1113 1073 1135; x_wconf 87' lang='lat' dir='ltr'>a</span> <span class='ocrx_word' id='word_1_107' title='bbox 1090 1098 1234 1136; x_wconf 89' lang='lat' dir='ltr'>Corin-</span> 
     </span>
     <span class='ocr_line' id='line_1_15' title="bbox 56 1151 1232 1201; baseline 0.002 -12"><span class='ocrx_word' id='word_1_108' title='bbox 56 1152 152 1189; x_wconf 87' lang='lat' dir='ltr'>thiis</span> <span class='ocrx_word' id='word_1_109' title='bbox 184 1151 352 1189; x_wconf 57' lang='lat' dir='ltr'>‹lelee‘lus</span> <span class='ocrx_word' id='word_1_110' title='bbox 369 1175 383 1196; x_wconf 83' lang='lat'>,</span> <span class='ocrx_word' id='word_1_111' title='bbox 421 1152 670 1200; x_wconf 81' lang='lat' dir='ltr'>tyrannidem</span> <span class='ocrx_word' id='word_1_112' title='bbox 700 1165 766 1201; x_wconf 85' lang='lat' dir='ltr'>per</span> <span class='ocrx_word' id='word_1_113' title='bbox 795 1153 944 1190; x_wconf 85' lang='lat' dir='ltr'><strong>milites</strong></span> <span class='ocrx_word' id='word_1_114' title='bbox 974 1155 1232 1191; x_wconf 81' lang='lat' dir='ltr'>mercenarios</span> 
     </span>
     <span class='ocr_line' id='line_1_16' title="bbox 56 1204 1231 1256; baseline -0.001 -13"><span class='ocrx_word' id='word_1_115' title='bbox 56 1204 270 1255; x_wconf 73' lang='lat' dir='ltr'>occupasset</span> <span class='ocrx_word' id='word_1_116' title='bbox 289 1228 301 1250; x_wconf 82' lang='lat'>,</span> <span class='ocrx_word' id='word_1_117' title='bbox 318 1204 584 1256; x_wconf 78' lang='lat' dir='ltr'>particepsque</span> <span class='ocrx_word' id='word_1_118' title='bbox 600 1208 705 1254; x_wconf 83' lang='lat' dir='ltr'>regni</span> <span class='ocrx_word' id='word_1_119' title='bbox 724 1205 843 1255; x_wconf 82' lang='lat' dir='ltr'>posset</span> <span class='ocrx_word' id='word_1_120' title='bbox 861 1205 959 1250; x_wconf 78' lang='lat' dir='ltr'>esse5</span> <span class='ocrx_word' id='word_1_121' title='bbox 991 1217 1144 1242; x_wconf 86' lang='lat' dir='ltr'>tantum</span> <span class='ocrx_word' id='word_1_122' title='bbox 1162 1206 1231 1242; x_wconf 85' lang='lat' dir='ltr'>ab·-</span> 
     </span>
     <span class='ocr_line' id='line_1_17' title="bbox 56 1257 1230 1304; baseline 0 -8"><span class='ocrx_word' id='word_1_123' title='bbox 56 1258 133 1296; x_wconf 87' lang='lat' dir='ltr'>suit</span> <span class='ocrx_word' id='word_1_124' title='bbox 150 1272 170 1295; x_wconf 85' lang='lat' dir='ltr'>a</span> <span class='ocrx_word' id='word_1_125' title='bbox 188 1258 370 1296; x_wconf 86' lang='lat' dir='ltr'>societate</span> <span class='ocrx_word' id='word_1_126' title='bbox 387 1257 537 1295; x_wconf 86' lang='lat' dir='ltr'>sceleris</span> <span class='ocrx_word' id='word_1_127' title='bbox 555 1282 569 1304; x_wconf 86' lang='lat'>‚</span> <span class='ocrx_word' id='word_1_128' title='bbox 599 1269 640 1294; x_wconf 91' lang='lat' dir='ltr'>ut</span> <span class='ocrx_word' id='word_1_129' title='bbox 656 1258 884 1296; x_wconf 84' lang='lat' dir='ltr'>antetulerit</span> <span class='ocrx_word' id='word_1_130' title='bbox 902 1258 1054 1296; x_wconf 88' lang='lat' dir='ltr'>suorum</span> <span class='ocrx_word' id='word_1_131' title='bbox 1083 1261 1230 1298; x_wconf 88' lang='lat' dir='ltr'>civium</span> 
     </span>
     <span class='ocr_line' id='line_1_18' title="bbox 58 1310 1232 1364; baseline 0.001 -14"><span class='ocrx_word' id='word_1_132' title='bbox 58 1312 278 1350; x_wconf 84' lang='lat' dir='ltr'>libertatem</span> <span class='ocrx_word' id='word_1_133' title='bbox 296 1311 427 1349; x_wconf 87' lang='lat' dir='ltr'>fratris</span> <span class='ocrx_word' id='word_1_134' title='bbox 443 1310 558 1348; x_wconf 83' lang='lat' dir='ltr'>saluti</span> <span class='ocrx_word' id='word_1_135' title='bbox 579 1325 586 1347; x_wconf 75' lang='grc' dir='ltr'>ε</span> <span class='ocrx_word' id='word_1_136' title='bbox 616 1311 653 1347; x_wconf 87' lang='lat'>&amp;</span> <span class='ocrx_word' id='word_1_137' title='bbox 669 1315 798 1361; x_wconf 70' lang='lat' dir='ltr'>patriae</span> <span class='ocrx_word' id='word_1_138' title='bbox 817 1312 966 1363; x_wconf 78' lang='lat' dir='ltr'>legibus</span> <span class='ocrx_word' id='word_1_139' title='bbox 985 1313 1232 1364; x_wconf 85' lang='lat' dir='ltr'>obtempera-</span> 
     </span>
     <span class='ocr_line' id='line_1_19' title="bbox 58 1363 1232 1416; baseline 0.002 -13"><span class='ocrx_word' id='word_1_140' title='bbox 58 1381 99 1403; x_wconf 85' lang='lat' dir='ltr'>re</span> <span class='ocrx_word' id='word_1_141' title='bbox 117 1365 281 1403; x_wconf 49' lang='lat' dir='ltr'>sanetius</span> <span class='ocrx_word' id='word_1_142' title='bbox 297 1366 449 1402; x_wconf 73' lang='lat' dir='ltr'>duxerit</span> <span class='ocrx_word' id='word_1_143' title='bbox 467 1378 581 1416; x_wconf 88' lang='lat' dir='ltr'>quam</span> <span class='ocrx_word' id='word_1_144' title='bbox 599 1366 785 1415; x_wconf 84' lang='lat' dir='ltr'>imperare</span> <span class='ocrx_word' id='word_1_145' title='bbox 801 1369 932 1416; x_wconf 85' lang='lat' dir='ltr'>patriae</span> <span class='ocrx_word' id='word_1_146' title='bbox 950 1393 958 1401; x_wconf 91' lang='lat'><strong>.</strong></span> <span class='ocrx_word' id='word_1_147' title='bbox 991 1363 1081 1404; x_wconf 80' lang='lat' dir='ltr'>Hac</span> <span class='ocrx_word' id='word_1_148' title='bbox 1099 1380 1232 1405; x_wconf 87' lang='lat' dir='ltr'>mente</span> 
     </span>
     <span class='ocr_line' id='line_1_20' title="bbox 60 1417 1235 1471; baseline 0.001 -14"><span class='ocrx_word' id='word_1_149' title='bbox 60 1433 125 1471; x_wconf 87' lang='lat' dir='ltr'>per</span> <span class='ocrx_word' id='word_1_150' title='bbox 156 1417 394 1469; x_wconf 84' lang='lat' dir='ltr'>haruspicem</span> <span class='ocrx_word' id='word_1_151' title='bbox 425 1443 438 1464; x_wconf 87' lang='lat'>,</span> <span class='ocrx_word' id='word_1_152' title='bbox 467 1432 788 1469; x_wconf 85' lang='lat' dir='ltr'>communemque</span> <span class='ocrx_word' id='word_1_153' title='bbox 825 1420 977 1457; x_wconf 85' lang='lat' dir='ltr'>affinem</span> <span class='ocrx_word' id='word_1_154' title='bbox 995 1444 1010 1466; x_wconf 77' lang='lat'>‚</span> <span class='ocrx_word' id='word_1_155' title='bbox 1038 1424 1100 1458; x_wconf 87' lang='lat' dir='ltr'>cui</span> <span class='ocrx_word' id='word_1_156' title='bbox 1130 1420 1235 1458; x_wconf 71' lang='lat' dir='ltr'>sorde</span> 
     </span>
     <span class='ocr_line' id='line_1_21' title="bbox 58 1472 1228 1524; baseline 0.002 -14"><span class='ocrx_word' id='word_1_157' title='bbox 58 1487 104 1511; x_wconf 82' lang='lat' dir='ltr'>ex</span> <span class='ocrx_word' id='word_1_158' title='bbox 122 1472 261 1510; x_wconf 85' lang='lat' dir='ltr'>eisdem</span> <span class='ocrx_word' id='word_1_159' title='bbox 278 1472 500 1523; x_wconf 86' lang='lat' dir='ltr'>parentibus</span> <span class='ocrx_word' id='word_1_160' title='bbox 531 1484 620 1510; x_wconf 87' lang='lat' dir='ltr'>nata</span> <span class='ocrx_word' id='word_1_161' title='bbox 639 1496 652 1518; x_wconf 82' lang='lat'>‚</span> <span class='ocrx_word' id='word_1_162' title='bbox 682 1485 802 1523; x_wconf 85' lang='lat' dir='ltr'>nupta</span> <span class='ocrx_word' id='word_1_163' title='bbox 832 1485 914 1511; x_wconf 86' lang='lat' dir='ltr'>erat</span> <span class='ocrx_word' id='word_1_164' title='bbox 931 1497 944 1519; x_wconf 80' lang='lat'>,</span> <span class='ocrx_word' id='word_1_165' title='bbox 973 1473 1130 1513; x_wconf 82' lang='lat' dir='ltr'>fratrem</span> <span class='ocrx_word' id='word_1_166' title='bbox 1164 1487 1228 1524; x_wconf 82' lang='lat' dir='ltr'>ty-</span> 
     </span>
     <span class='ocr_line' id='line_1_22' title="bbox 60 1525 1232 1577; baseline 0.002 -14"><span class='ocrx_word' id='word_1_167' title='bbox 60 1540 222 1564; x_wconf 84' lang='lat' dir='ltr'>rannum</span> <span class='ocrx_word' id='word_1_168' title='bbox 241 1526 549 1564; x_wconf 82' lang='lat' dir='ltr'>interficiendum</span> <span class='ocrx_word' id='word_1_169' title='bbox 566 1529 716 1564; x_wconf 84' lang='lat' dir='ltr'>curavit</span> <span class='ocrx_word' id='word_1_170' title='bbox 728 1554 736 1562; x_wconf 93' lang='lat'>.</span> <span class='ocrx_word' id='word_1_171' title='bbox 767 1525 851 1577; x_wconf 87' lang='lat' dir='ltr'>Ipse</span> <span class='ocrx_word' id='word_1_172' title='bbox 868 1542 943 1564; x_wconf 90' lang='lat' dir='ltr'>non</span> <span class='ocrx_word' id='word_1_173' title='bbox 962 1529 1077 1565; x_wconf 83' lang='lat' dir='ltr'>modo</span> <span class='ocrx_word' id='word_1_174' title='bbox 1094 1542 1232 1566; x_wconf 78' lang='lat' dir='ltr'>manus</span> 
     </span>
     <span class='ocr_line' id='line_1_23' title="bbox 57 1578 1232 1634; baseline 0.001 -16"><span class='ocrx_word' id='word_1_175' title='bbox 57 1595 136 1618; x_wconf 88' lang='lat' dir='ltr'>non</span> <span class='ocrx_word' id='word_1_176' title='bbox 154 1581 290 1617; x_wconf 89' lang='lat' dir='ltr'>attulit</span> <span class='ocrx_word' id='word_1_177' title='bbox 307 1604 319 1626; x_wconf 88' lang='lat'>‚</span> <span class='ocrx_word' id='word_1_178' title='bbox 346 1579 406 1617; x_wconf 87' lang='lat' dir='ltr'>sed</span> <span class='ocrx_word' id='word_1_179' title='bbox 426 1594 472 1617; x_wconf 89' lang='lat' dir='ltr'>ne</span> <span class='ocrx_word' id='word_1_180' title='bbox 487 1578 653 1631; x_wconf 89' lang='lat' dir='ltr'>aspicere</span> <span class='ocrx_word' id='word_1_181' title='bbox 669 1581 823 1631; x_wconf 88' lang='lat' dir='ltr'>quidem</span> <span class='ocrx_word' id='word_1_182' title='bbox 844 1580 1055 1618; x_wconf 85' lang='lat' dir='ltr'>fraternum</span> <span class='ocrx_word' id='word_1_183' title='bbox 1078 1581 1232 1634; x_wconf 86' lang='lat' dir='ltr'>sangui-</span> 
     </span>
     <span class='ocr_line' id='line_1_24' title="bbox 57 1633 1233 1686; baseline 0 -14"><span class='ocrx_word' id='word_1_184' title='bbox 57 1648 147 1672; x_wconf 89' lang='lat' dir='ltr'>nem</span> <span class='ocrx_word' id='word_1_185' title='bbox 164 1635 290 1672; x_wconf 87' lang='lat' dir='ltr'>voluit</span> <span class='ocrx_word' id='word_1_186' title='bbox 307 1661 316 1670; x_wconf 87' lang='lat'>.</span> <span class='ocrx_word' id='word_1_187' title='bbox 348 1633 452 1670; x_wconf 90' lang='lat' dir='ltr'>Nam</span> <span class='ocrx_word' id='word_1_188' title='bbox 469 1634 559 1671; x_wconf 89' lang='lat' dir='ltr'>dum</span> <span class='ocrx_word' id='word_1_189' title='bbox 576 1647 633 1672; x_wconf 91' lang='lat' dir='ltr'>res</span> <span class='ocrx_word' id='word_1_190' title='bbox 648 1634 915 1681; x_wconf 77' lang='lat' dir='ltr'>conficeretur,</span> <span class='ocrx_word' id='word_1_191' title='bbox 931 1637 1064 1685; x_wconf 85' lang='lat' dir='ltr'>procul</span> <span class='ocrx_word' id='word_1_192' title='bbox 1084 1638 1122 1673; x_wconf 89' lang='lat' dir='ltr'>in</span> <span class='ocrx_word' id='word_1_193' title='bbox 1140 1649 1233 1686; x_wconf 85' lang='lat' dir='ltr'>prae-</span> 
     </span>
     <span class='ocr_line' id='line_1_25' title="bbox 57 1686 1234 1740; baseline 0.001 -15"><span class='ocrx_word' id='word_1_194' title='bbox 57 1689 151 1726; x_wconf 79' lang='lat' dir='ltr'>sidio</span> <span class='ocrx_word' id='word_1_195' title='bbox 168 1686 242 1724; x_wconf 84' lang='lat' dir='ltr'>fuit</span> <span class='ocrx_word' id='word_1_196' title='bbox 259 1711 273 1733; x_wconf 84' lang='lat'>‚</span> <span class='ocrx_word' id='word_1_197' title='bbox 291 1701 338 1725; x_wconf 90' lang='lat' dir='ltr'>ne</span> <span class='ocrx_word' id='word_1_198' title='bbox 355 1691 441 1738; x_wconf 89' lang='lat' dir='ltr'>quis</span> <span class='ocrx_word' id='word_1_199' title='bbox 459 1686 610 1726; x_wconf 82' lang='lat' dir='ltr'>satelles</span> <span class='ocrx_word' id='word_1_200' title='bbox 626 1687 747 1739; x_wconf 82' lang='lat' dir='ltr'>poffet</span> <span class='ocrx_word' id='word_1_201' title='bbox 763 1687 976 1726; x_wconf 84' lang='lat' dir='ltr'>succurrere</span> <span class='ocrx_word' id='word_1_202' title='bbox 993 1718 1002 1727; x_wconf 87' lang='lat'><strong>.</strong></span> <span class='ocrx_word' id='word_1_203' title='bbox 1032 1687 1123 1727; x_wconf 91' lang='lat' dir='ltr'>Hoc</span> <span class='ocrx_word' id='word_1_204' title='bbox 1139 1703 1234 1740; x_wconf 81' lang='lat' dir='ltr'>prae-</span> 
     </span>
     <span class='ocr_line' id='line_1_26' title="bbox 59 1740 1232 1794; baseline 0.002 -16"><span class='ocrx_word' id='word_1_205' title='bbox 59 1741 305 1779; x_wconf 81' lang='lat' dir='ltr'>clariffimum</span> <span class='ocrx_word' id='word_1_206' title='bbox 323 1743 402 1793; x_wconf 86' lang='lat' dir='ltr'>ejus</span> <span class='ocrx_word' id='word_1_207' title='bbox 424 1740 574 1779; x_wconf 86' lang='lat' dir='ltr'>facinus</span> <span class='ocrx_word' id='word_1_208' title='bbox 590 1756 666 1779; x_wconf 90' lang='lat' dir='ltr'>non</span> <span class='ocrx_word' id='word_1_209' title='bbox 696 1744 781 1792; x_wconf 87' lang='lat' dir='ltr'>pari</span> <span class='ocrx_word' id='word_1_210' title='bbox 810 1743 925 1780; x_wconf 89' lang='lat' dir='ltr'>modo</span> <span class='ocrx_word' id='word_1_211' title='bbox 954 1742 1160 1794; x_wconf 84' lang='lat' dir='ltr'>probatum</span> <span class='ocrx_word' id='word_1_212' title='bbox 1178 1743 1232 1780; x_wconf 89' lang='lat' dir='ltr'>est</span> 
     </span>
     <span class='ocr_line' id='line_1_27' title="bbox 56 1794 1233 1847; baseline 0 -14"><span class='ocrx_word' id='word_1_213' title='bbox 56 1796 107 1833; x_wconf 79' lang='lat' dir='ltr'>ab</span> <span class='ocrx_word' id='word_1_214' title='bbox 123 1795 302 1832; x_wconf 87' lang='lat' dir='ltr'>omnibus</span> <span class='ocrx_word' id='word_1_215' title='bbox 320 1822 327 1830; x_wconf 90' lang='lat'><strong><em>.</em></strong></span> <span class='ocrx_word' id='word_1_216' title='bbox 361 1795 542 1832; x_wconf 84' lang='lat' dir='ltr'>nonnulli</span> <span class='ocrx_word' id='word_1_217' title='bbox 560 1798 661 1832; x_wconf 87' lang='lat' dir='ltr'>enim</span> <span class='ocrx_word' id='word_1_218' title='bbox 678 1794 804 1832; x_wconf 86' lang='lat' dir='ltr'>laesam</span> <span class='ocrx_word' id='word_1_219' title='bbox 821 1796 868 1833; x_wconf 88' lang='lat' dir='ltr'>ab</span> <span class='ocrx_word' id='word_1_220' title='bbox 885 1811 930 1834; x_wconf 93' lang='lat' dir='ltr'>eo</span> <span class='ocrx_word' id='word_1_221' title='bbox 955 1799 1141 1847; x_wconf 84' lang='lat' dir='ltr'>pietatem</span> <span class='ocrx_word' id='word_1_222' title='bbox 1160 1811 1233 1847; x_wconf 87' lang='lat' dir='ltr'>pu-</span> 
     </span>
     <span class='ocr_line' id='line_1_28' title="bbox 58 1848 1232 1894; baseline 0 -7"><span class='ocrx_word' id='word_1_223' title='bbox 58 1848 194 1887; x_wconf 82' lang='lat' dir='ltr'>tabant</span> <span class='ocrx_word' id='word_1_224' title='bbox 212 1872 226 1894; x_wconf 84' lang='lat'>,</span> <span class='ocrx_word' id='word_1_225' title='bbox 243 1850 277 1885; x_wconf 75' lang='grc' dir='ltr'>ὅ(</span> <span class='ocrx_word' id='word_1_226' title='bbox 296 1849 444 1886; x_wconf 85' lang='lat' dir='ltr'>invidia</span> <span class='ocrx_word' id='word_1_227' title='bbox 463 1849 615 1887; x_wconf 76' lang='lat' dir='ltr'>laudem</span> <span class='ocrx_word' id='word_1_228' title='bbox 635 1852 793 1887; x_wconf 87' lang='lat' dir='ltr'>virtutis</span> <span class='ocrx_word' id='word_1_229' title='bbox 809 1850 1038 1887; x_wconf 83' lang='lat' dir='ltr'>obterebant</span> <span class='ocrx_word' id='word_1_230' title='bbox 1057 1877 1065 1885; x_wconf 92' lang='lat'>.</span> <span class='ocrx_word' id='word_1_231' title='bbox 1097 1850 1232 1888; x_wconf 81' lang='lat' dir='ltr'>Mater</span> 
     </span>
     <span class='ocr_line' id='line_1_29' title="bbox 56 1901 1230 1954; baseline 0.001 -14"><span class='ocrx_word' id='word_1_232' title='bbox 56 1917 150 1941; x_wconf 87' lang='lat' dir='ltr'>vero</span> <span class='ocrx_word' id='word_1_233' title='bbox 165 1901 247 1953; x_wconf 89' lang='lat' dir='ltr'>post</span> <span class='ocrx_word' id='word_1_234' title='bbox 264 1903 301 1939; x_wconf 89' lang='lat' dir='ltr'>id</span> <span class='ocrx_word' id='word_1_235' title='bbox 318 1901 463 1940; x_wconf 58' lang='lat' dir='ltr'>saelum</span> <span class='ocrx_word' id='word_1_236' title='bbox 481 1917 604 1954; x_wconf 87' lang='lat' dir='ltr'>neque</span> <span class='ocrx_word' id='word_1_237' title='bbox 619 1903 774 1940; x_wconf 87' lang='lat' dir='ltr'>domurn</span> <span class='ocrx_word' id='word_1_238' title='bbox 791 1904 838 1941; x_wconf 87' lang='lat' dir='ltr'>ad</span> <span class='ocrx_word' id='word_1_239' title='bbox 856 1903 892 1941; x_wconf 87' lang='lat' dir='ltr'>se</span> <span class='ocrx_word' id='word_1_240' title='bbox 909 1903 1034 1941; x_wconf 82' lang='lat' dir='ltr'>filium</span> <span class='ocrx_word' id='word_1_241' title='bbox 1050 1903 1201 1941; x_wconf 82' lang='lat' dir='ltr'>admisrr</span> <span class='ocrx_word' id='word_1_242' title='bbox 1216 1927 1230 1950; x_wconf 80' lang='lat'>,</span> 
     </span>
     <span class='ocr_line' id='line_1_30' title="bbox 55 1955 1233 2009; baseline 0.001 -15"><span class='ocrx_word' id='word_1_243' title='bbox 55 1970 181 2007; x_wconf 81' lang='lat' dir='ltr'>neque</span> <span class='ocrx_word' id='word_1_244' title='bbox 196 1955 344 2007; x_wconf 83' lang='lat' dir='ltr'>aspexit</span> <span class='ocrx_word' id='word_1_245' title='bbox 361 1958 454 2007; x_wconf 87' lang='lat' dir='ltr'>quin</span> <span class='ocrx_word' id='word_1_246' title='bbox 472 1971 558 1993; x_wconf 90' lang='lat' dir='ltr'>eum</span> <span class='ocrx_word' id='word_1_247' title='bbox 590 1955 828 1995; x_wconf 81' lang='lat' dir='ltr'>fratricidam</span> <span class='ocrx_word' id='word_1_248' title='bbox 858 1960 1098 2009; x_wconf 88' lang='lat' dir='ltr'>impiumque</span> <span class='ocrx_word' id='word_1_249' title='bbox 1124 1958 1233 1996; x_wconf 86' lang='lat' dir='ltr'>dete-</span> 
     </span>
     <span class='ocr_line' id='line_1_31' title="bbox 59 2009 1234 2063; baseline 0.001 -15"><span class='ocrx_word' id='word_1_250' title='bbox 59 2009 160 2048; x_wconf 83' lang='lat' dir='ltr'>stans</span> <span class='ocrx_word' id='word_1_251' title='bbox 176 2010 428 2061; x_wconf 85' lang='lat' dir='ltr'>compellaret</span> <span class='ocrx_word' id='word_1_252' title='bbox 446 2037 455 2047; x_wconf 87' lang='lat'><strong>.</strong></span> <span class='ocrx_word' id='word_1_253' title='bbox 483 2010 636 2063; x_wconf 88' lang='lat' dir='ltr'>Quibus</span> <span class='ocrx_word' id='word_1_254' title='bbox 653 2011 780 2048; x_wconf 83' lang='lat' dir='ltr'>verbis</span> <span class='ocrx_word' id='word_1_255' title='bbox 795 2011 890 2049; x_wconf 85' lang='lat' dir='ltr'>adeo</span> <span class='ocrx_word' id='word_1_256' title='bbox 907 2012 977 2049; x_wconf 88' lang='lat' dir='ltr'>ille</span> <span class='ocrx_word' id='word_1_257' title='bbox 993 2011 1045 2049; x_wconf 89' lang='lat' dir='ltr'>est</span> <span class='ocrx_word' id='word_1_258' title='bbox 1062 2025 1234 2049; x_wconf 84' lang='lat' dir='ltr'>commo-</span> 
     </span>
     <span class='ocr_line' id='line_1_32' title="bbox 60 2064 1233 2116; baseline 0.002 -16"><span class='ocrx_word' id='word_1_259' title='bbox 60 2074 121 2102; x_wconf 84' lang='lat' dir='ltr'>tus</span> <span class='ocrx_word' id='word_1_260' title='bbox 138 2088 150 2112; x_wconf 84' lang='lat'>‚</span> <span class='ocrx_word' id='word_1_261' title='bbox 181 2076 221 2102; x_wconf 91' lang='lat' dir='ltr'>ut</span> <span class='ocrx_word' id='word_1_262' title='bbox 238 2077 528 2116; x_wconf 77' lang='lat' dir='ltr'>nonnumquam</span> <span class='ocrx_word' id='word_1_263' title='bbox 549 2066 636 2103; x_wconf 81' lang='lat' dir='ltr'>vitae</span> <span class='ocrx_word' id='word_1_264' title='bbox 653 2064 769 2104; x_wconf 84' lang='lat' dir='ltr'>finem</span> <span class='ocrx_word' id='word_1_265' title='bbox 797 2064 923 2107; x_wconf 82' lang='lat' dir='ltr'>facere</span> <span class='ocrx_word' id='word_1_266' title='bbox 940 2066 1108 2105; x_wconf 87' lang='lat' dir='ltr'>voluerit</span> <span class='ocrx_word' id='word_1_267' title='bbox 1127 2089 1140 2110; x_wconf 81' lang='lat'>‚</span> <span class='ocrx_word' id='word_1_268' title='bbox 1170 2076 1233 2103; x_wconf 85' lang='lat' dir='ltr'>at-</span> 
     </span>
    </p>
   </div>
   <div class='ocr_carea' id='block_1_5' title="bbox 1102 2132 1176 2171">
    <p class='ocr_par' dir='ltr' id='par_1_5' title="bbox 1102 2132 1176 2171">
     <span class='ocr_line' id='line_1_33' title="bbox 1102 2132 1176 2171; baseline 0.041 -16"><span class='ocrx_word' id='word_1_269' title='bbox 1102 2132 1176 2171; x_wconf 76' lang='lat' dir='ltr'>que</span> 
     </span>
    </p>
   </div>
  </div>
 </body>
</html>
