1714 2719
493 151 541 192 76
651 146 1036 186 CORNELII·
1077 148 1390 189 NEPOTIS

439 227 487 262 tii
504 249 518 270 5
546 226 738 275 ceterique
755 239 883 262 eorum
901 225 990 264 socii
1009 251 1022 271 5
1051 228 1150 277 apud
1174 228 1388 267 Coroneam
1408 232 1538 282 2'quos
1554 248 1598 271 ο-

436 291 543 315 mnes
558 280 668 329 gravi
685 279 822 330 proelio
855 281 949 316 vicit
967 307 975 315 .
1006 278 1134 331 Hujus
1151 282 1316 319 vi'c‘ioriae
1334 284 1396 320 vel
1426 289 1593 323 maxima

436 330 515 373 fuit
532 331 616 368 laus
635 355 646 376 5
677 333 776 382 quod
794 346 877 369 cum
907 333 1079 384 plerique
1095 348 1139 371 ex
1166 334 1255 386 fuga
1272 335 1308 373 se
1338 340 1376 373 iu
1408 339 1595 387 templum

435 383 625 422 Minervae
641 385 884 436 conjeciffent
902 409 915 431 5
948 400 1245 439 quaerereturque
1260 390 1308 426 ab
1324 404 1368 427 eo
1385 413 1398 433 5
1427 392 1519 440 quid
1537 392 1597 429 his

436 437 521 475 fieri
540 437 660 475 vellet
677 462 690 484 5
720 438 784 476 etfi
803 439 952 490 aliquot
971 440 1127 478 vulnera
1144 455 1342 491 acceperat
1372 457 1416 480 eo
1431 445 1567 492 proelio
1582 469 1597 490 5

433 493 606 528 &iratus
646 491 846 529 videbatur
874 493 1050 531 omnibus
1081 498 1144 545 qui
1175 495 1353 534 adversus
1368 503 1481 533 'arma
1497 497 1599 534 tule-

433 557 519 582 rant
536 569 549 591 5
579 556 707 582 tamen
729 545 915 582 antetulit
947 549 1007 582 irae
1039 548 1267 598 religionem
1283 573 1297 594 5
1326 551 1362 586 ὃ(
1377 564 1441 586 eos
1470 553 1595 588 vetuit

435 599 576 635 violari
594 627 603 634 .
633 597 771 648 Neque
786 599 857 636 hoc
873 598 996 635 solum
1013 602 1052 636 in
1076 600 1224 638 Graecia
1242 601 1334 640 fecit
1350 627 1364 648 5
1394 614 1434 640 ut
1450 604 1596 654 templa

433 650 608 689 Deorum
626 650 750 688 samaa
769 651 922 689 haberet
941 676 954 697 5
972 652 1031 690 scd
1049 656 1166 690 etiam
1182 656 1283 704 apud
1302 655 1477 694 barbaros
1497 656 1599 694 sum-

433 718 494 742 ma
511 704 699 755 religione
715 707 844 741 omnia
876 705 1072 742 simulacra
1092 729 1105 750 5
1133 707 1291 757 arasque
1321 708 1562 748 conservavit
1584 738 1593 745 .

432 757 568 808 Itaque
598 758 824 807 praedicabat
841 781 854 803 5
884 760 1016 794 mirari
1034 757 1069 795 se
1087 781 1099 803 5
1129 773 1205 796 non
1237 759 1503 811 sacrilegorum
1522 777 1593 805 nu-

431 825 535 855 mero
550 810 681 848 haberi
700 813 764 861 qui
781 810 1014 861 supplicibus
1031 825 1160 848 eorum
1177 812 1388 851 nocuissent
1407 828 1414 850 :
1432 827 1497 851 aut
1514 830 1590 852 non

428 863 667 916 gravioribus
685 907 687 909 ¹
709 867 832 914 poenis
872 865 971 902 affici
1001 868 1066 916 qui
1095 866 1322 918 religionem
1373 869 1591 906 minuerent

432 932 546 970 quam
567 920 631 968 qui
648 916 738 955 fana
758 917 967 968 spoliarent
984 946 993 953 .

487 971 536 1008 V.
555 971 654 1014 ‚Post
684 972 754 1009 hoc
784 972 962 1022 proelium
982 996 994 1017 5
1024 972 1210 1010 collatum
1226 971 1278 1011 est
1307 987 1418 1012 omne
1449 974 1593 1012 bellum

431 1030 530 1065 circa
548 1025 806 1063 Corinthum:
825 1026 985 1076 ideoque
1001 1025 1247 1064 Corinthium
1266 1026 1316 1064 est
1333 1029 1570 1078 appeliatum
1583 1055 1592 1064 .

431 1079 512 1117 Hic
527 1093 612 1116 cum
629 1092 701 1115 una
735 1092 860 1130 pugna
877 1079 1006 1116 decem
1037 1079 1163 1116 millia
1192 1079 1354 1118 hostium
1373 1104 1386 1127 5
1416 1080 1597 1131 Agesilao

430 1134 524 1171 duce
541 1157 554 1178 5
572 1132 792 1170 cecidissent
810 1148 818 1169 :
849 1146 967 1183 eoque
984 1132 1085 1170 facin
1102 1147 1191 1182 opes
1208 1133 1514 1171 adversariorum
1531 1134 1595 1170 de-

430 1187 592 1224 bilitatae
612 1186 831 1224 viderentur
849 1201 856 1222 ;
888 1198 1039 1223 tautum
1065 1186 1190 1223 abfuit
1208 1187 1254 1224 ab
1286 1186 1491 1224 insolentia
1507 1188 1593 1237 glo-

431 1244 491 1278 tiae
509 1264 522 1285 5
551 1252 591 1277 ut
607 1239 894 1277 commiseratus
913 1239 955 1276 fit
972 1239 1166 1277 fortunam
1183 1239 1336 1278 Graeciae
1354 1267 1366 1287 ,
1399 1241 1498 1291 quod
1513 1252 1594 1277 tam

429 1296 582 1331 multia
599 1292 636 1330 se
654 1293 746 1330 victi
765 1296 864 1330 vitio
880 1292 1181 1330 adversariorum
1199 1293 1449 1331 concidiss'ent
1461 1321 1469 1328 .
1485 1307 1594 1330 nam—

432 1362 504 1399 que
522 1347 590 1383 illa
608 1347 860 1383 multitudine
878 1369 891 1392 5
921 1346 944 1382 fi
966 1345 1051 1383 sana
1070 1360 1176 1384 mens
1193 1346 1284 1384 ess'et
1302 1371 1315 1392 5
1340 1345 1494 1384 Graeciae
1511 1345 1596 1397 sup-

431 1402 592 1451 plicium
615 1398 743 1437 Persas
773 1400 862 1436 dare
878 1399 1065 1449 potuisse.
1103 1398 1210 1437 Idem
1241 1414 1329 1438 cum
1359 1399 1605 1438 adversarios

431 1458 531 1492 intra
551 1457 690 1491 moenia
708 1453 949 1504 compulisset
970 1477 984 1499 5
1015 1454 1050 1489 ὅ(
1078 1464 1120 1490 ut
1147 1452 1382 1490 Corinthum
1399 1467 1598 1504 oppugna-

431 1521 488 1545 ret
507 1532 520 1554 ,
548 1507 664 1545 multi
681 1506 924 1545 hortarentur
939 1530 953 1553 5
981 1509 1137 1558 negavit
1155 1507 1192 1543 id
1209 1505 1278 1544 suae
1305 1510 1443 1544 virtuti
1457 1521 1597 1544 conve-

431 1565 515 1599 nire
531 1588 540 1595 .
563 1561 600 1598 se
618 1564 720 1598 enim
737 1574 823 1597 eum
840 1560 912 1598 esse
927 1562 1028 1597 dixit
1041 1584 1053 1605 5
1072 1563 1137 1610 qui
1153 1561 1200 1597 ad
1217 1561 1381 1598 officium
1398 1572 1598 1610 peccantes

430 1616 554 1653 redire
571 1626 720 1666 cogeret
737 1638 751 1659 5
781 1629 857 1651 non
877 1616 942 1665 qui
957 1613 1067 1651 urbes
1084 1613 1333 1651 nobiliffimas
1363 1626 1605 1665 expugnaret·

430 1667 584 1706 Graeciae
600 1696 608 1705 .
641 1667 744 1705 Nam
763 1668 787 1705 si
803 1692 817 1715 5
846 1670 973 1719 inquit
990 1691 1003 1713 5
1020 1681 1082 1706 eos
1109 1666 1345 1718 exstinguere
1362 1667 1596 1706 voluerimus

433 1726 498 1773 qui
515 1722 711 1759 nobiscum
729 1721 906 1759 adversus
924 1721 1099 1758 barbaros
1117 1720 1299 1758 steterunt
1317 1745 1330 1767 5
1359 1720 1508 1758 nosmet
1526 1720 1594 1770 ipsi

431 1790 502 1813 nos
532 1778 879 1826 expugnaverimus
898 1799 911 1820 5
940 1774 1022 1811 illis
1054 1774 1332 1826 quiescentibus
1352 1803 1359 1811 .
1391 1789 1466 1826 quo
1495 1773 1597 1812 saE'to

432 1828 509 1867 fine
525 1832 680 1879 negotio
697 1853 710 1874 5
739 1843 824 1866 cum
842 1829 1035 1866 voluerint
1057 1852 1070 1873 5
1100 1842 1168 1865 nos
1185 1831 1403 1878 oppriment
1422 1855 1431 1862 .

486 1881 557 1920 VI.
574 1881 736 1920 Interim
752 1883 892 1920 accidit
909 1882 976 1918 illa
996 1881 1201 1919 calamitas
1217 1883 1318 1932 apud
1335 1880 1497 1920 Leuara
1518 1879 1596 1918 La-

432 1936 672 1974 cedaemoniis
689 1963 698 1972 .
717 1951 791 1988 quo
807 1950 855 1973 ne
871 1934 1185 1986 proficisceretur,
1202 1949 1286 1972 cum
1303 1949 1322 1971 a
1342 1934 1528 1986 plerisque
1545 1933 1591 1971 ad

433 1991 648 2027 exeundum
665 2001 898 2040 premeretur
915 2013 928 2034 5
959 2000 997 2025 ut
1016 1988 1039 2025 fi
1059 1989 1105 2026 de
1123 1992 1230 2026 exitu
1246 1989 1439 2026 divinaret
1458 2011 1472 2034 5
1488 1988 1592 2025 exire

431 2043 561 2090 noluit
579 2072 586 2079 .
616 2043 724 2082 Idem
740 2057 824 2083 cum
842 2042 1131 2096 Epaminondas
1148 2043 1323 2094 Spartam
1339 2052 1592 2132 oppugparess

1431 2102 1465 2134 el
1484 2106 1540 2131 et-
