1714 2719
306 109 997 163 LYSANDER.V1.
1136 124 1184 161 ις

70 209 206 262 quibus
225 205 342 244 vellet
367 229 381 247 ,
403 202 593 240 frueretur
610 228 618 236 .
649 201 805 251 Semper
820 213 904 237 eum
922 196 1134 248 pedissequi
1150 211 1241 236 cunt

72 264 240 302 nummis
257 259 340 298 sunt
356 257 472 296 secuti
492 278 505 299 3
536 267 576 291 ut
597 253 709 304 siquis
726 256 809 303 opis
826 254 905 304 ejus
924 252 1111 302 indigeret
1126 275 1141 297 5
1170 252 1239 289 ha-

74 318 181 355 beret
197 313 294 366 quod
312 311 437 349 statim
454 309 560 347 daret
577 331 590 352 ,
621 321 667 344 ne
682 306 894 344 differendo
912 305 1105 342 videretur
1120 319 1238 357 nega⁴

77 385 115 408 rc
130 397 140 406 .
173 370 272 418 Saepe
287 380 369 404 cum
386 365 439 402 ali
470 376 554 399 uem
572 359 754 398 offensum
773 358 926 398 fortuna
946 358 1092 396 videret
1108 361 1239 396 minus

80 425 174 462 bene
204 418 380 458 vestitum
397 442 411 463 ,
440 377 543 454 sluum
571 413 779 451 amiculum
810 413 916 450 dedit
933 440 941 448 .
972 412 1160 468 Qotidie
1190 411 1238 449 fic

77 488 179 515 coena
196 476 230 512 ei
246 472 501 524 coquebatur,
521 482 560 506 ut
578 482 671 518 quos
688 481 764 504 non
779 479 934 504 vocatos
953 465 1104 503 vidisset
1122 467 1160 502 in
1178 463 1239 502 fo·-

78 544 122 568 ro
136 552 150 575 ,
178 539 309 565 omues
324 526 524 563 devocaret
540 538 547 560 :
583 521 682 573 quod
700 519 824 558 facere
840 520 991 557 nullum
1007 521 1109 557 diem
1145 532 1239 569 prz-

75 579 315 620 termittcbat
334 606 342 614 .
375 578 489 615 Nulli
510 576 600 613 fides
617 576 696 624 ejus
714 598 727 620 ,
756 574 858 611 nulli
874 587 987 625 opera
1004 597 1018 619 ,
1048 572 1150 610 nulli
1178 585 1237 609 res

75 635 281 673 familiaris
297 631 432 670 defuit:
449 629 593 667 multos
614 627 867 678 locupletavit
886 642 893 664 :
912 627 1127 676 complures
1144 638 1240 676 pau-

74 701 182 741 peres
201 699 370 724 mortuos
387 709 400 729 ‚
417 688 481 735 qui
501 684 598 720 unde
614 682 835 719 efferrentur
865 695 940 718 non
957 677 1196 730 reliquissent
1225 700 1241 724 ⁵

78 742 146 780 suo
163 740 284 778 sumtu
301 740 441 778 extulit
458 766 467 774 .
499 738 557 774 Sic
575 736 610 773 se
626 734 790 786 gerendo
807 758 820 780 ‚
849 737 1009 771 minime
1025 733 1077 772 est
1092 735 1237 771 miran-

74 797 164 833 dum
194 793 217 832 si
234 795 269 832 ὃ(
288 796 366 832 vita
385 794 464 843 ejus
482 790 555 828 fuit
573 789 695 827 secura
715 811 729 835 ,
758 789 794 825 ὅ(
809 801 912 825 mors
936 786 1068 826 acerba
1084 815 1095 824 .

248 916 1045 984 LYSANDER.

605 1057 641 1096 V
658 1057 688 1095 I.

78 1171 112 1210 1.
140 1164 511 1261 LYSANDER
542 1166 854 1205 Lacedaemonius
875 1180 1053 1218 magnam
1080 1166 1246 1218 reliquit

259 1222 314 1260 sui
345 1221 489 1258 famam
525 1244 538 1265 ,
567 1224 688 1272 magis
734 1221 923 1258 felicitate
952 1235 1064 1271 quam
1097 1224 1242 1258 virtute

75 1275 255 1332 partam}
286 1273 544 1327 Athenienses
561 1277 662 1311 enim
694 1278 732 1311 in
751 1274 1045 1324 Peloponnesios
1071 1272 1177 1312 sexto
1205 1273 1243 1309 &

74 1331 255 1370 ‘vicesimo
270 1343 372 1366 anno
389 1328 532 1366 bellum
559 1340 733 1378 gerentes
762 1327 966 1366 confecisse
981 1339 1139 1378 apparet
1156 1354 1167 1363 .
1196 1324 1242 1364 Id

77 1399 148 1437 qua
167 1386 315 1421 ratione
333 1381 556 1420 consecutus
575 1381 616 1418 fit
629 1405 642 1426 ,
660 1382 754 1418 latet
772 1409 780 1416 .
810 1395 887 1419 non
904 1385 1007 1419 enim
1024 1385 1171 1419 virtute
1187 1379 1244 1419 sui

77 1441 264 1476 exercitus
283 1461 296 1482 ,
328 1435 389 1473 sed
406 1435 642 1473 immodestia
675 1434 817 1472 ᾗιᾶυιῃ
835 1434 885 1472 est
908 1434 1240 1472 adversariorum:

80 1495 145 1543 qui
163 1492 261 1542 quod
279 1489 381 1527 dieio
397 1491 596 1527 audientes
612 1488 906 1540 imperatoribus
925 1488 999 1526 suis
1016 1502 1092 1526 non
1108 1499 1215 1525 erant
1228 1509 1243 1532 ,

79 1544 257 1596 dispalati
277 1547 314 1580 in
331 1547 432 1594 agris
449 1567 463 1590 ,
493 1542 637 1580 reliRis
654 1542 817 1581 navibus
837 1567 850 1588 ,
880 1545 919 1579 in
939 1541 1100 1579 hostium
1129 1555 1243 1580 vene-

80 1611 168 1636 runt
185 1597 408 1648 potestatem
428 1612 436 1634 τ
466 1611 540 1645 quo
555 1595 656 1633 fa&o
674 1594 930 1634 Athenienses
948 1595 984 1632 se
1001 1595 1242 1633 Lacedaemo-

78 1655 154 1690 niis
169 1652 394 1689 dediderunt
412 1679 419 1686 .
453 1648 540 1688 Hac
558 1649 717 1688 νὶᾶοι-ἰῑὶ
750 1649 948 1699 Lysander
973 1649 1096 1686 elatus
1113 1672 1126 1694 ‚
1155 1662 1243 1686 cum

80 1718 192 1742 antea
222 1704 366 1755 semper
383 1704 565 1742 faffiosus
581 1728 594 1750 ,
622 1704 825 1754 audaxque
840 1703 970 1740 fuisset
987 1727 1000 1748 ,
1029 1703 1076 1740 fic
1101 1702 1166 1739 fibi
1186 1705 1245 1738 in-

80 1758 191 1796 dulsit
213 1782 226 1803 ,
254 1771 295 1795 ut
312 1760 392 1808 ejus
408 1772 518 1808 opera
539 1762 576 1796 in
595 1762 807 1794 maximum
839 1758 969 1795 odium
994 1754 1149 1793 Graeciae
1167 1754 1244 1792 La·-

82 1811 297 1849 cedaemonii
327 1816 574 1862 pervenerint
591 1839 599 1847 .
630 1811 734 1849 Nam
752 1825 837 1849 cum
868 1811 966 1848 hanc
981 1809 1146 1847 caussam
1166 1808 1244 1846 La-

79 1866 295 1902 cedaemonii
313 1865 549 1903 diffinissent
566 1865 631 1903 fibi
649 1865 721 1902 effe
738 1865 832 1902 belli
850 1889 862 1910 ‚
890 1877 931 1902 ut
949 1862 1243 1900 Atheniensium

79 1921 328 1968 impotentem
347 1919 654 1956 dominationem
671 1918 924 1969 refringerent
943 1941 956 1963 ‚
986 1916 1181 1968 postquam
1199 1930 1241 1952 a-

78 1972 153 2022 pud
174 1971 299 2023 AEgos
316 1973 455 2009 flumen
473 1973 672 2021 Lysander
686 1973 743 2010 cla
752 1972 807 2008 ffis
824 1970 986 2009 hostium
1003 1969 1053 2007 est
1070 1971 1242 2018 potitus,

75 2025 178 2066 nihil
194 2026 297 2064 aliud
314 2027 475 2065 molitus
503 2025 555 2066 est
573 2039 687 2080 quam
710 2037 752 2064 ut
767 2039 900 2067 onmes
924 2027 1104 2067 civitates
1123 2026 1159 2058 in
1179 2021 1243 2071 sua.

1084 2089 1190 2115 tene-
