1714 2719
468 164 513 198 50
622 146 990 187 CORNELII
1047 146 1366 188 NEPoT1s

417 246 503 270 cum
537 229 776 276 Timotheo,
806 230 1082 281 eoquejudicio
1108 229 1158 267 est
1188 229 1414 269 absolutus.
1442 233 1594 272 Mene-

417 285 518 322 sthea
537 284 661 321 filium
696 284 853 334 reliquit
870 298 914 322 ex
936 282 1090 321 Thressa
1109 296 1241 321 natum
1260 308 1272 330 ,
1301 285 1394 322 Coti
1425 290 1522 338 regis
1539 287 1584 324 fi-

420 339 473 374 lia
493 365 500 372 .
530 336 568 375 Is
585 352 670 375 cum
689 340 1009 388 interrogaretur,
1027 350 1153 373 utrum
1171 339 1292 387 pluris
1311 351 1458 388 patrem
1473 364 1485 385 ,
1502 354 1584 376 ma-

420 404 570 428 tremne
586 390 748 428 faceret:
765 403 927 428 matrem
942 415 955 436 ,
972 393 1100 441 inquit
1118 418 1126 426 .
1157 390 1199 429 Id
1218 406 1302 428 cum
1319 393 1496 430 omnibus
1511 396 1586 430 rni-

420 459 504 482 rum
523 445 742 489 videretur3
772 445 898 482 atille
914 468 928 490 ,
951 447 1089 481 merito
1107 468 1120 490 ,
1148 448 1273 495 inquit
1290 470 1304 491 ,
1332 445 1433 483 facio
1453 459 1464 490 3
1494 460 1585 482 nam

421 510 531 548 pater
547 522 560 543 ,
591 509 775 549 quantum
792 500 832 534 in
850 497 885 535 se
906 496 984 535 suit
1001 521 1014 544 ,
1046 496 1230 536 Thracem
1246 512 1306 537 me
1318 503 1452 551 genuit
1471 514 1478 537 ε
1496 513 1590 537 con-

421 561 479 590 tra
497 565 537 590 ea
556 563 678 589 mater
693 550 972 589 Atheniensem
985 577 998 586 ,

623 677 1387 753 CHABRIAS.

949 814 1070 853 XII.

428 923 461 963 I.
582 923 835 963 HABRIAS
865 922 1110 961 Atheniensis
1127 952 1135 960 .
1167 922 1248 962 Hic
1262 938 1413 975 quoque
1428 926 1467 962 in
1492 923 1596 963 sum-

608 983 681 1016 mis
697 980 849 1016 habitus
866 976 917 1015 est
933 978 1089 1015 ducibus
1102 1002 1114 1023 ,
1144 978 1273 1029 resque
1289 979 1431 1016 multas
1446 993 1595 1016 merno-

428 1034 485 1069 ria
504 1035 638 1084 dignas
654 1032 758 1084 geffit
776 1060 784 1068 .
816 1033 885 1069 Sed
903 1045 948 1067 ex
975 1032 1032 1067 his
1050 1032 1173 1068 clucet
1190 1035 1359 1068 maxime
1390 1034 1593 1069 inventum

430 1088 512 1135 ejus
529 1090 567 1123 in
599 1087 735 1136 proelio
752 1085 851 1135 quod
876 1085 978 1134 apud
997 1083 1147 1121 Thebas
1165 1084 1258 1122 fecit
1275 1107 1289 1130 ,
1317 1098 1403 1121 cum
1432 1083 1594 1122 Boeotiis

427 1137 595 1177 subfidio
612 1139 771 1177 venisset
790 1166 799 1173 .
830 1136 1013 1188 Namque
1030 1140 1067 1173 in
1086 1151 1126 1174 ea
1145 1137 1305 1174 νίξὶοτία
1336 1136 1479 1174 fidente
1494 1136 1596 1174 sum-

430 1207 497 1232 mo
513 1193 606 1231 duce
621 1191 801 1243 Agefilao
819 1214 831 1237 ‚
860 1190 1003 1242 fugatis
1018 1191 1096 1241 jam
1112 1191 1161 1227 ab
1191 1206 1234 1228 eo
1252 1190 1503 1228 condufficiis
1532 1204 1598 1228 ca-

430 1249 554 1284 tervis
571 1271 585 1293 ,
613 1246 800 1296 reliquam
818 1244 1046 1295 phalangem
1064 1245 1150 1282 loco
1164 1247 1291 1282 vetuit
1308 1246 1438 1282 cedere
1455 1267 1468 1289 ‚
1485 1242 1596 1281 obni-

431 1313 559 1350 xoque
574 1314 672 1351 genu
689 1298 795 1337 scuto
812 1322 824 1344 ,
854 1298 1096 1350 projeCiaque
1126 1297 1228 1334 hasta
1246 1321 1259 1343 ,
1289 1301 1475 1348 impetum
1492 1299 1597 1334 exci-

429 1367 520 1405 pere
536 1352 698 1390 hostium
715 1353 844 1389 docuit
862 1380 870 1387 .
889 1350 934 1388 Id
949 1366 1093 1388 novum
1111 1350 1310 1402 Agesilaus
1327 1354 1498 1396 intuens,
1509 1363 1597 1400 pro-

431 1407 541 1458 gredi
558 1421 634 1444 non
652 1405 702 1442 est
718 1405 827 1442 ausus
845 1430 857 1451 ,
887 1404 1043 1456 suosque
1058 1407 1136 1456 jam
1167 1408 1403 1442 incurrentes
1430 1404 1519 1442 tuba
1537 1418 1607 1442 re·

432 1463 593 1498 vocavit
605 1487 612 1493 .
640 1457 730 1496 Hoc
745 1458 860 1510 usque
876 1473 920 1496 co
939 1463 976 1495 in
991 1457 1141 1496 Graecia
1157 1457 1259 1494 fama
1278 1459 1507 1495 celebratum
1526 1458 1596 1504 est,

434 1526 478 1551 ut
498 1513 569 1550 illo
587 1512 683 1550 statu
699 1512 886 1549 Chabrias
903 1512 968 1549 fibi
987 1512 1147 1549 statuam
1179 1511 1260 1548 fieri
1277 1512 1443 1549 voluerit
1462 1539 1470 1546 .
1502 1513 1597 1564 Quae

437 1567 592 1619 publice
609 1569 643 1604 ei
661 1566 707 1603 ab
725 1565 1022 1603 Atheniensibus
1040 1569 1077 1602 in
1096 1565 1180 1602 foro
1204 1564 1408 1603 constituta
1427 1564 1478 1603 est
1495 1593 1502 1600 .
1533 1565 1595 1602 Ex

436 1636 513 1672 quo
530 1619 672 1658 saetum
692 1618 742 1657 est
773 1631 814 1657 ut
846 1618 969 1671 postea
1001 1619 1156 1656 athletae
1173 1642 1186 1664 ‚
1216 1621 1407 1670 ceterique
1427 1618 1595 1656 artifices

432 1675 496 1711 his
528 1672 685 1710 statibus
719 1676 756 1713 in
787 1672 918 1710 statuis
943 1673 1129 1723 ponendis
1159 1684 1357 1710 uterentur
1385 1675 1424 1709 in
1455 1672 1594 1723 quibus

432 1727 638 1766 vidioriam
657 1727 774 1764 essent
789 1727 919 1776 adepti
941 1754 949 1761 .

487 1779 539 1816 II.
569 1780 758 1817 Chabrias
775 1791 903 1817 autem
933 1780 1054 1816 multa
1074 1783 1112 1816 in
1131 1778 1283 1830 Europa
1310 1778 1410 1816 bella
1427 1779 1598 1816 admini-

435 1833 571 1871 stravit
584 1859 596 1880 ,
613 1848 697 1871 cum
715 1834 790 1870 dux
810 1832 1101 1870 Atheniensium
1120 1832 1210 1870 effer
1228 1861 1236 1868 .
1267 1831 1312 1869 In
1332 1831 1515 1883 AEgypto
1532 1831 1594 1870 sua

434 1887 570 1938 sponte
597 1887 701 1939 gessit
720 1913 728 1922 .
758 1901 847 1923 nam
873 1885 1137 1924 NeEienabum
1168 1887 1341 1937 adjutum
1372 1885 1564 1936 profeaus
1580 1909 1595 1932 ,

432 1955 592 1991 regnum
610 1943 644 1977 ei
661 1939 857 1978 constituit
875 1967 883 1975 .
914 1938 1019 1977 Fecit
1037 1941 1139 1976 idem
1169 1939 1324 1990 Cypri,
1354 1938 1414 1976 sed
1439 1939 1594 1990 publice

433 1995 483 2031 ab
500 1993 799 2031 Atheniensibus
816 1993 1000 2044 Evagorae
1016 1994 1168 2044 adjutor
1183 1994 1294 2030 datus
1310 2019 1319 2028 .
1350 2006 1473 2044 neque
1488 1995 1594 2042 prius

434 2049 523 2086 inde
539 2047 698 2086 discessit
729 2061 844 2099 quam
877 2059 1000 2087 totam
1031 2046 1196 2089 insulam
1227 2046 1330 2087 bello
1345 2047 1564 2086 devinceret
1580 2071 1594 2082 .

1464 2112 1540 2153 qua
