1714 2719
541 168 592 208 18
695 164 1064 208 CORNELII
1118 166 1437 208 NEPOTIS

483 241 570 291 tulii
587 271 601 293 5
629 247 734 285 dedit
751 275 760 284 .
790 245 880 286 Hac
906 262 946 285 re
971 247 1104 284 audita
1134 248 1197 285 hic
1224 251 1264 285 in
1293 262 1433 286 navem
1462 251 1643 290 'omnibus

484 303 642 354 ignotus
655 300 846 339 ascendit:
864 314 941 352 quae
958 315 1043 338 cum
1061 301 1283 354 tempestate
1298 306 1467 339 maxima
1483 303 1641 343 Naxum

483 354 649 393 ferretur
663 378 677 400 5
705 355 770 392 ubi
786 366 867 392 tum
883 355 1174 392 Atheniensium
1191 358 1476 394 eratexercitus
1489 381 1503 403 5
1533 357 1644 397 sensit

486 405 767 446 Themistocles
783 432 797 454 5
826 408 851 445 fi
867 423 910 445 eo
925 407 1152 458 pervenisset
1169 432 1183 454 5
1210 408 1277 445 fibi
1294 409 1366 446 effe
1381 411 1617 459 pereundum
1631 438 1643 447 .

483 462 558 501 hac
571 462 786 499 neceffitate
801 461 951 498 coaestus
967 485 982 508 5
1010 462 1166 498 domino
1183 465 1293 498 navis
1311 486 1325 507 5
1349 465 1434 513 quis
1451 463 1494 501 fit
1512 487 1526 509 5
1553 476 1647 514 ape-

481 517 537 555 rit
554 539 568 561 5
597 515 720 553 multa
736 515 925 566 pollicens
942 536 957 560 5
984 513 1008 551 fi
1021 513 1062 552 se
1085 515 1336 552 conservasset
1353 543 1363 551 .
1393 515 1451 552 At
1466 516 1537 554 ille
1564 517 1646 554 cl‘a-

483 569 617 608 tissimi
635 572 707 606 viri
724 581 857 618 captus
873 567 1129 605 misericordia
1147 590 1159 613 5
1189 570 1289 605 diem
1306 568 1532 620 110&emque
1555 583 1648 620 pro·
1676 591 1680 610 ι

481 623 546 662 tul
563 623 612 660 ab
630 621 750 660 insula
769 625 807 659 in
825 621 904 659 salo
921 634 1059 658 navem
1076 625 1201 658 tenuit
1218 625 1255 657 in
1285 623 1460 660 anchoris
1477 646 1491 668 5
1518 637 1644 672 neque
1678 651 1679 661 2

480 689 715 727 quemquam
731 688 776 712 ex
793 688 835 711 ea
851 678 955 712 exire
972 673 1095 724 passus
1122 674 1172 711 est
1189 702 1197 709 .
1227 674 1322 713 Inde
1351 675 1543 727 Ephesum
1559 690 1649 728 per-

480 731 593 767 venit
611 751 625 774 5
643 728 771 778 ibique
790 727 1086 764 Themistoclem
1103 730 1260 777 exponit
1279 743 1288 766 ε
1317 731 1377 767 cui
1394 728 1463 766 ille
1479 742 1548 781 pro
1563 743 1646 768 me·
1677 751 1679 758 ι

477 783 568 822 §itis
585 783 748 830 gratiam
765 780 890 830 postea
908 780 1041 818 retulit
1056 807 1068 816 .
1676 814 1677 817 ,

484 854 487 855 ⁷
535 830 612 870 IX.
626 834 711 871 Scio
726 833 925 884 plerosque
940 836 994 871 ita
1012 832 1215 884 scripsisse,
1234 832 1529 874 Themistoclem
1542 834 1650 874 Xer-

478 898 531 926 xe
560 898 743 937 regnante
773 889 814 923 iu
832 886 963 925 Asiam
992 887 1160 925 transisse
1175 915 1184 923 .
1215 887 1276 925 sed
1311 904 1380 942 ego
1410 890 1647 940 potissimum

480 938 705 989 Thucydidi
723 940 832 977 credo
848 962 862 985 5
892 941 992 991 quod
1009 952 1118 978 aetate
1135 944 1333 991 proximus
1361 945 1440 980 erat
1459 946 1526 994 qui
1554 943 1653 980 illo·
1676 967 1677 970 =

475 1006 564 1032 tum
581 1005 794 1043 temporum
810 992 1006 1031 historiam
1022 994 1258 1045 reliquerunt
1275 1019 1288 1041 5
1316 997 1354 1033 &
1368 996 1531 1047 ejusdem
1547 998 1646 1033 civi·
1676 1018 1679 1041 5

476 1048 575 1085 tatis
591 1045 667 1084 fuit
683 1073 693 1082 .
722 1044 759 1083 Is
775 1058 901 1084 autem
918 1050 975 1084 ait
991 1071 1005 1093 5
1023 1048 1071 1085 ad
1089 1046 1346 1086 Artaxerxem
1366 1063 1452 1086 eum
1469 1048 1611 1086 venisse
1626 1070 1644 1093 5
1676 1071 1678 1084 ι

477 1111 598 1151 atque
613 1100 673 1138 his
690 1099 815 1137 verbis
832 1100 1032 1150 epistolam
1049 1100 1184 1137 misisse
1202 1116 1210 1137 ε
1240 1101 1483 1148 Themistocles
1498 1103 1579 1137 veni
1593 1097 1644 1136 ad
1675 1104 1678 1129 ἱ

478 1163 518 1190 re
531 1175 545 1200 5
573 1155 639 1199 qui
647 1151 804 1202 plurima
816 1152 913 1189 mala
939 1156 1092 1189 omnium
1107 1154 1298 1198 Grajorum
1320 1157 1360 1189 in
1373 1153 1509 1190 domum
1540 1164 1644 1190 tuam
1676 1171 1677 1175 ¹

477 1206 595 1245 intuli
608 1230 624 1252 5
650 1218 729 1242 cum
741 1205 829 1242 mihi
842 1205 1057 1254 neceſjbfuit
1069 1206 1236 1255 adversus
1259 1215 1396 1255 patrem
1410 1218 1514 1243 tuum
1539 1205 1648 1243 bella·
1676 1231 1677 1235 ,

476 1273 515 1298 re
530 1282 544 1307 5
568 1261 795 1308 patriamque
821 1272 930 1296 meam
942 1259 1119 1306 defendere
1134 1286 1143 1294 .
1175 1258 1272 1295 Idem
1299 1260 1413 1296 multo
1432 1260 1538 1309 plura
1559 1258 1647 1296 bona
1674 1283 1678 1291 -

472 1313 550 1364 fici
561 1312 742 1361 postquam
756 1315 796 1347 in
822 1323 904 1349 tuto
931 1313 999 1362 ipsi·
1014 1335 1028 1358 5
1056 1313 1099 1354 (ς’
1114 1311 1174 1349 ille
1189 1315 1228 1348 in
1250 1312 1407 1361 periculo
1421 1314 1485 1361 effi}
1510 1316 1613 1362 coepit
1633 1339 1644 1349 .
1674 1330 1678 1353 ς

479 1373 582 1405 Nam
594 1379 672 1403 cum
687 1367 726 1401 in
740 1365 862 1413 Afiam
888 1369 1017 1403 reverti
1045 1365 1149 1402 vellet
1165 1389 1178 1411 5
1201 1364 1322 1414 proelio
1337 1365 1435 1415 apud
1459 1365 1647 1403 Salamina
1675 1391 1677 1405 ⁴

471 1419 580 1470 fallo
595 1441 609 1465 5
637 1419 755 1456 literis
769 1432 847 1456 eum
872 1422 1050 1456 certiorem
1072 1420 1150 1467 fbci
1168 1442 1180 1464 5
1207 1417 1249 1455 id
1261 1422 1319 1467 agi
1335 1443 1347 1465 5
1376 1428 1515 1469 utpons
1546 1431 1648 1466 quem
1676 1432 1677 1470 ᾖ

476 1476 522 1514 in
549 1471 772 1522 Hellesponto
790 1472 934 1520 ficerat
946 1496 961 1519 5
989 1472 1230 1519 diſj‘blveretur
1249 1495 1263 1516 5
1290 1483 1399 1519 atque
1425 1472 1468 1509 ab
1495 1472 1646 1520 hostibus
1676 1504 1677 1507 ,

475 1529 728 1567 circumiretur
745 1552 754 1562 .
784 1539 851 1573 quo
864 1528 992 1562 nuntio
1007 1526 1068 1562 ille
1076 1524 1230 1574 periculo
1249 1526 1295 1573 est
1309 1525 1480 1562 liberatus
1497 1553 1505 1562 .
1535 1532 1646 1563 Nunc
1676 1557 1677 1562 ,

478 1592 602 1620 autem
614 1578 756 1627 confugi
765 1579 815 1616 ad
827 1589 862 1616 te
874 1582 1078 1627 exagitatus
1094 1595 1117 1615 a
1131 1579 1258 1616 czmc'la
1273 1582 1413 1617 Graecia
1429 1603 1443 1625 5
1476 1589 1577 1615 tuam
1586 1589 1648 1628 pe·
1674 1600 1677 1610 ·

479 1644 559 1673 tens
573 1635 775 1671 amicitiam
792 1648 805 1669 .·
834 1634 984 1680 quamsi
988 1646 1042 1670 ero
1056 1632 1204 1682 adeptus
1221 1656 1233 1678 5
1248 1646 1316 1669 non
1329 1636 1446 1669 minus
1459 1646 1510 1669 me
1523 1631 1647 1670 bonum
1674 1647 1676 1651 ·

478 1691 634 1727 amicum
647 1685 784 1723 habebis
800 1709 813 1733 5
842 1699 948 1733 quam
952 1686 1087 1734 fortem
1101 1689 1283 1722 inimicum
1297 1685 1359 1722 ille
1384 1695 1545 1735 expertus
1570 1684 1618 1732 est
1634 1712 1644 1722 .
1672 1692 1676 1719 Ι

481 1749 540 1782 Ea
553 1749 672 1779 autem
686 1753 762 1788 rogo
777 1762 791 1785 5
819 1750 862 1776 ut
875 1739 917 1776 de
929 1739 990 1776 bis.
1013 1739 1110 1776 rebus
1139 1753 1227 1785 quas
1242 1750 1356 1776 tecum
1368 1738 1519 1786 colloqui
1536 1737 1614 1775 volo
1624 1759 1646 1784 ,5
1674 1733 1675 1774 Ῐ

483 1808 617 1834 annum
629 1792 716 1830 mihi
730 1796 892 1843 temporis
913 1792 973 1831 des
988 1817 1002 1841 5
1030 1807 1132 1840 eoque
1147 1792 1325 1843 transatffo
1339 1807 1391 1830 me
1404 1792 1455 1830 ad
1479 1803 1516 1830 te
1529 1794 1645 1829 venire
1671 1812 1674 1830 ι
1698 1824 1700 1826 ,

479 1850 643 1900 patiaris
659 1875 669 1883 .
909 1861 913 1864 ⁴
1672 1855 1674 1861 '

480 1923 484 1925 ·
541 1900 595 1940 X.
625 1899 754 1952 Hujus
770 1913 834 1939 rex
849 1902 971 1939 animi
992 1901 1298 1953 magnitudinem
1327 1899 1521 1938 admirans
1537 1920 1553 1945 5
1579 1912 1645 1936 cu-
1671 1917 1674 1937 ι

484 1954 670 2006 piensque
684 1953 803 1992 talem
832 1957 958 1993 virum
987 1955 1055 1993 fibi
1070 1955 1270 1992 conciliari
1285 1977 1300 2000 5
1328 1956 1483 1992 veniam
1511 1953 1618 1989 dedit
1632 1978 1642 1988 .

481 2008 564 2048 Ille
580 2020 691 2046 omne
707 2007 808 2045 illud
825 2020 975 2059 tempus
1008 2008 1134 2046 literis
1150 2031 1165 2055 5
1193 2007 1432 2058 sermonique
1445 2005 1644 2044 'Pe1sarum
1671 2012 1673 2042 ᾗ

484 2062 619 2105 dedit:
650 2061 786 2114 quibus
800 2062 893 2103 adeo
904 2063 1075 2102 eruditus
1091 2061 1142 2102 est
1163 2084 1179 2110 5
1205 2073 1248 2101 ut
1268 2061 1394 2101 multo
1409 2059 1646 2153 comgjodius
1669 2078 1673 2095 ι

1516 2123 1594 2151 1ca-
