1714 2719
413 131 1022 172 FRAGMENTA.
1190 149 1257 184 ¹29

304 216 445 251 Incerta
473 224 542 258 quo
569 209 658 247 libro
687 214 762 249 Vir.
783 210 980 260 Illustrium
1005 215 1116 264 posita
1133 243 1140 250 .

196 319 395 371 Carthago
423 330 533 356 antea
567 317 728 368 speciem
763 319 895 356 habuit
928 321 1095 371 duplicis
1135 323 1266 373 oppidi
1295 347 1307 367 ‚

144 376 246 427 quasi
264 374 370 411 aliud
386 372 549 410 alterum
567 371 892 422 ample-&erctum
922 377 1027 425 cujus
1047 378 1207 413 interior
1224 390 1308 426 pars

145 428 252 477 By'fi‘
268 427 466 464 dicebatur
482 450 495 470 ‚
512 430 681 463 exterior
697 425 863 474 Alagalia
880 455 887 462 .
921 426 1049 478 Hujus
1068 433 1119 466 rei
1138 428 1242 466 testis
1259 429 1309 466 est

144 481 352 519 Cornelius
369 479 502 529 Nepos
521 482 557 516 in
578 494 621 516 eo
639 479 739 517 libro
757 483 822 532 qui
837 479 929 518 Vita
946 479 1160 519 Illustrium
1180 482 1312 520 inscri-

147 535 250 572 bitur
266 562 274 570 .
305 539 406 570 Serv.
426 539 465 567 in
486 546 516 569 1.
537 529 633 570 AEn.

197 588 359 637 Propius
375 585 647 624 Grammatico
664 587 793 624 acccffi
810 615 819 623 .
853 587 1038 625 Diomedes
1054 587 1078 624 Ι.
1098 603 1127 625 ι.
1151 596 1308 626 Gramm.

195 641 367 679 Albinus
385 665 397 684 ,
428 645 594 692 quicum
616 640 660 677 L.
682 640 849 679 Lucullo
879 642 1009 680 consul
1029 642 1130 688 fuit,
1150 657 1205 680 res
1227 642 1312 680 Ro-

142 709 276 733 manas
307 698 483 731 oratione
514 709 630 746 graeca
663 694 902 746 scriptitavit
918 723 926 731 .
959 694 1001 732 In
1035 698 1115 747 ejus
1152 696 1312 733 historiae

142 752 334 800 principio
353 747 532 797 scriptum
551 747 600 785 est
619 749 665 784 ad
685 749 779 786 hanc
815 749 1069 787 sententiam:
1100 749 1311 788 Neminem

143 802 360 841 succensere
378 802 443 839 fibi
476 805 684 839 convenire
701 826 714 846 ,
746 802 768 839 si
801 804 891 853 quid
911 807 947 840 in
966 804 1024 840 his
1043 802 1152 841 libris
1179 817 1314 854 parum

142 855 350 906 composite
379 868 445 892 aut
477 859 605 892 minus
637 855 833 906 eleganter
864 855 1043 907 scriptum
1064 856 1162 894 soret
1182 872 1189 894 ε
1222 871 1309 894 nam

140 908 222 947 sum
242 933 255 954 ,
274 912 403 960 inquit
420 933 433 953 ‚
452 909 565 946 homo
585 907 790 946 Romanus
808 933 821 953 ‚
844 922 955 947 natus
975 914 1012 946 in
1032 909 1148 948 Latio
1168 938 1175 945 .
1205 908 1314 946 Gra:-

140 976 183 1001 ca
202 965 328 1000 oratio
344 976 363 998 a
383 962 494 999 nobis
514 962 741 999 alicniffima
760 961 811 1000 est
828 990 836 997 .
870 964 1030 1014 ideoque
1048 966 1201 1000 veniam
1228 976 1315 1014 gra-

141 1024 317 1067 tiamque
333 1016 446 1053 malae
475 1014 774 1054 existimationis
794 1040 807 1061 ‚
838 1015 860 1053 si
881 1018 972 1067 quid
1003 1016 1094 1054 esset
1112 1028 1279 1054 erratum
1298 1041 1311 1063 ,

142 1069 353 1122 postulavit
371 1096 379 1105 .
412 1069 467 1107 Ea
487 1084 571 1108 cum
590 1069 739 1121 legisset
757 1069 817 1106 M.
835 1069 938 1107 Cato
957 1084 968 1114 3
989 1068 1056 1106 Nae
1074 1083 1115 1107 tu
1133 1094 1147 1116 ,
1165 1073 1311 1121 inquit,

143 1123 248 1162 Aule
264 1147 278 1169 ,
311 1126 475 1161 nimium
494 1136 657 1174 nugator
673 1137 712 1161 es
730 1147 743 1168 ‚
772 1137 858 1161 cum
876 1123 1045 1161 maluisti
1076 1124 1230 1174 culpam
1247 1124 1316 1160 de-

143 1180 290 1228 precari
321 1190 436 1227 quam
471 1177 582 1226 culpa
616 1190 752 1213 vacare
770 1204 778 1212 .
810 1191 899 1214 nam
930 1190 1060 1227 petere
1079 1180 1232 1214 veniam
1256 1176 1316 1214 so-

142 1232 265 1268 lemus
289 1242 356 1266 aut
373 1243 458 1266 cum
478 1228 742 1279 imprudentes
759 1233 972 1266 erravimus
989 1253 1002 1275 ,
1019 1242 1084 1267 aut
1103 1243 1188 1267 cum
1209 1244 1315 1268 com-

144 1283 239 1336 pulsi
257 1286 502 1334 peccavimus
520 1310 528 1318 .
563 1280 654 1318 Tibi
673 1306 686 1327 ‚
716 1284 845 1333 inquit
864 1306 876 1327 ‚
907 1297 974 1320 oro
992 1296 1030 1320 te
1048 1307 1061 1328 ,
1078 1286 1163 1335 quis
1183 1297 1320 1334 perpu-

144 1339 194 1375 lit
211 1349 251 1374 ut
270 1338 308 1374 id
325 1339 589 1374 committeres
607 1359 620 1380 ,
651 1336 750 1386 quod
771 1335 993 1388 prinsquam
1011 1337 1154 1374 faceres
1172 1361 1184 1382 ‚
1213 1350 1319 1388 pete-

146 1406 203 1429 res
221 1403 263 1428 ut
283 1390 538 1441 ignosceretur
556 1415 564 1424 .
598 1387 712 1437 Agell.
730 1387 1003 1438 lib.x1.cap.v1
1016 1404 1071 1428 11.
1091 1390 1320 1428 Nostatti-

144 1458 218 1482 car.
238 1445 282 1486 δ’
298 1443 456 1481 Macrob.
476 1442 630 1491 Praefat.
653 1442 845 1480 Saturnal.

265 1548 728 1590 CORNELII
805 1549 1197 1590 NEPOTIS

561 1657 597 1697 L
650 1657 670 1696 1
725 1657 768 1696 B.
869 1656 901 1695 1.

348 1773 432 1806 DE
475 1769 645 1806 VITA
684 1768 1103 1815 CICERONIS.

200 1874 411 1914 Cornelius
444 1874 579 1928 Nepos
596 1899 609 1923 ,
639 1877 676 1913 &
693 1889 816 1914 rerum
847 1877 1039 1912 memoriae
1071 1888 1148 1911 non
1181 1874 1322 1911 indili-

147 1943 241 1982 gens
259 1954 272 1976 ‚
302 1931 337 1967 &
356 1930 415 1967 Μ.
433 1929 637 1968 Ciceronis
655 1955 668 1976 ,
685 1942 726 1968 ut
747 1932 813 1981 qui
829 1932 1025 1975 maxime,
1042 1930 1189 1966 amicus
1205 1926 1320 1965 fami—

149 1985 259 2021 liaris
276 1982 353 2022 suit
369 2011 379 2020 .
417 1997 534 2036 atque
550 1986 582 2022 is
598 1996 727 2022 tamen
746 1986 785 2020 in
803 1986 927 2035 primo
945 1983 1133 2020 librorum
1163 1995 1257 2033 quos
1276 1981 1322 2019 de

152 2039 235 2076 vita
252 2038 363 2078 illius
379 2036 596 2092 composuit
613 2062 628 2088 ,
657 2036 792 2079 errasse
809 2038 962 2076 videtur
979 2051 992 2083 5
1022 2050 1110 2077 cum
1126 2050 1212 2075 eum
1230 2035 1321 2072 scri-

856 2089 874 2127 1
1199 2087 1271 2141 psit
