1714 2719
529 158 577 187 ιο
681 143 1053 187 CORNELII
1108 145 1422 188 NEPOTIS

472 238 532 266 tat
545 250 557 272 2
569 227 740 264 omnium
757 226 906 265 suorum
923 229 1064 265 civium
1082 230 1294 277 potentiam
1312 225 1607 271 extimesceban't
1619 260 1630 271 .
1667 257 1669 277 η

471 280 677 319 Miltiades
693 281 857 317 multum
875 283 914 318 in
939 283 1109 331 imperiis
1137 281 1491 333 magistratibusque
1508 285 1634 323 versa-
1668 312 1670 327 ι

470 345 535 373 tus
552 358 565 379 ,
594 347 668 371 non
688 334 887 371 videbatur
902 334 1003 385 poffe
1019 333 1090 370 effe
1106 338 1279 384 privatus
1297 360 1309 381 ‚
1325 335 1526 385 praesertim
1544 353 1630 377 cum
1668 363 1670 379 2

471 386 744 425 consuetudine
762 388 809 424 ad
839 390 989 438 imperii
1006 388 1255 437 cupiditatem
1285 389 1384 426 trahi
1416 390 1605 428 videretur
1620 418 1631 428 .
1668 426 1670 430 ,

470 439 578 480 Nam
605 439 824 478 Chersonesi
853 455 984 478 omnes
1014 441 1105 478 illos
1135 455 1228 492 quos
1258 441 1446 479 habitarat
1480 455 1600 482 annos
1617 468 1633 490 ‚

471 505 693 545 perpetuam
711 494 927 532 obtinuerat
939 495 1260 541 dominationem,
1277 494 1534 546 tyrannusque
1550 496 1635 535 fue-

469 559 528 585 rat
545 548 762 598 appellatus
779 571 794 593 ‚
822 546 883 584 sed
903 547 1019 598 justus
1035 574 1044 582 .
1075 561 1150 584 non
1168 561 1247 585 erat
1263 551 1364 585 enirn
1384 552 1422 585 vi
1456 549 1635 588 consecu-
1669 576 1670 580 =

469 611 531 638 tus
551 624 564 646 ,
594 599 655 637 sed
670 599 820 638 suorum
838 601 1038 638 voluntate
1053 623 1067 644 5
1096 614 1252 652 eamque
1278 601 1501 652 potestatem
1524 602 1634 640 boni-

470 664 551 691 tate
568 656 773 690 retinuerat
829 654 974 691 Omnes
989 665 1116 690 autern
1132 656 1166 690 ὅ(
1183 654 1368 692 habentur
1390 657 1425 691 ὃ(
1454 655 1633 694 dicuntur
1670 683 1671 686 =

473 709 632 755 tyranni
650 730 662 752 ‚
680 710 745 757 qui
762 705 945 756 potestate
963 705 1046 743 sunt
1064 719 1243 756 perpetua
1261 710 1300 744 in
1318 721 1359 745 ea
1377 710 1537 745 civitate
1551 723 1630 760 quae
1670 744 1671 749 ,

468 759 650 797 libertate
664 759 726 796 usa
745 758 796 796 est
813 786 822 795 .
856 760 927 796 Sed
943 761 981 795 in
1000 759 1185 797 Miltiade
1202 772 1281 797 erat
1298 774 1382 797 cum
1399 760 1541 798 summa
1561 764 1632 799 hu-

471 815 639 850 manitas
656 836 669 858 ,
700 825 781 849 turn
797 814 892 849 mira
910 814 1070 849 comitas
1087 835 1101 857 ‚
1126 824 1167 850 ut
1183 828 1293 851 nemo
1309 825 1388 850 tam
1404 814 1561 851 humilis
1577 815 1634 853 es-

471 865 526 903 set
544 889 557 911 ,
586 867 646 902 cui
662 880 738 903 non
754 866 801 902 ad
818 879 904 903 eum
920 865 1048 902 aditus
1064 877 1211 915 pateret
1228 882 1235 903 ε
1265 881 1401 917 magna
1426 866 1631 906 anaoritas

469 920 570 969 apud
587 932 718 956 omnes
735 920 913 956 civitates
932 942 946 964 ,
975 919 1104 956 nobile
1120 933 1257 956 nomen
1275 944 1289 965 ,
1319 920 1400 958 laus
1416 923 1469 957 rei
1486 922 1634 958 milita-

469 975 522 1010 ris
538 975 704 1009 maxima
721 999 730 1007 .
762 970 855 1010 Haec
877 971 1039 1023 populus
1055 971 1257 1022 respiciens
1275 997 1288 1018 ‚
1315 975 1455 1011 maluit
1471 987 1554 1011 eum
1572 978 1633 1012 in-

471 1028 629 1066 noxium
645 1024 762 1077 plez-sti
779 1048 794 1071 ‚
822 1038 934 1077 quam
952 1023 990 1062 se
1001 1025 1146 1063 diutius
1160 1025 1232 1064 esse
1248 1029 1288 1063 in
1304 1029 1440 1064 timore
1456 1053 1464 1063 .

615 1151 1489 1220 THEMISTOCLES.

1008 1293 1028 1333 I
1055 1294 1087 1333 I.

465 1401 504 1443 1.
637 1400 1029 1441 HEMISTOCLES
1055 1402 1196 1441 Neocli
1227 1402 1330 1439 filius
1357 1400 1628 1441 Atheniensis.

663 1458 791 1507 Hujus
808 1460 903 1493 vitia
923 1459 1087 1494 ineuntis
1103 1455 1365 1494 adolescentiae
1382 1458 1529 1507 magnis
1546 1456 1632 1494 sunt

472 1512 673 1549 emendata
694 1510 923 1548 virtutibus:
952 1511 1046 1547 adeo
1062 1522 1102 1547 ut
1127 1509 1360 1547 anteferatur
1376 1509 1462 1546 huic
1492 1523 1603 1547 nemo
1620 1532 1634 1555 ‚

472 1567 585 1616 pauci
616 1577 720 1615 pares
751 1574 930 1614 putentur
948 1591 957 1602 .
987 1564 1056 1600 Sed
1087 1563 1134 1600 ab
1164 1566 1276 1600 initio
1308 1561 1358 1600 est
1383 1563 1604 1599 ordiendum
1622 1590 1632 1599 .

472 1617 586 1655 Pater
614 1618 691 1669 ejus
722 1616 892 1654 Neoclus
921 1615 1119 1667 generosus
1151 1615 1226 1654 fuit
1242 1644 1250 1652 .
1281 1619 1312 1653 is
1344 1629 1495 1653 uxorem
1514 1614 1636 1654 Acar-

473 1682 615 1708 nanam
645 1672 768 1708 civem
784 1670 894 1707 duxit
910 1693 924 1716 ‚
953 1683 996 1707 ex
1015 1684 1086 1722 qua
1117 1682 1228 1707 natus
1258 1668 1308 1707 est
1327 1668 1599 1706 Themistocles
1624 1696 1633 1704 .

473 1727 554 1786 Qi
572 1737 654 1762 cum
673 1725 799 1760 minus
815 1723 903 1760 esset
929 1724 1106 1773 probatus
1136 1723 1356 1774 parentibus
1375 1746 1388 1768 ,
1417 1723 1516 1773 quod
1534 1723 1568 1759 ὃ(
1586 1722 1636 1759 li-

475 1778 598 1816 berius
613 1776 710 1828 justo
728 1777 881 1814 vivebat
899 1800 912 1822 ,
941 1778 976 1813 &
992 1791 1069 1814 rem
1089 1776 1320 1814 familiarem
1338 1776 1555 1828 negligebat
1569 1799 1582 1821 ‚
1611 1789 1632 1813 a

474 1843 584 1882 patre
599 1831 846 1868 exheredatus
863 1829 912 1867 est
925 1857 933 1865 .
951 1832 1042 1892 Qrae
1059 1831 1291 1868 contumelia
1309 1843 1385 1866 non
1401 1828 1515 1880 fregit
1533 1843 1636 1874 eum,
1672 1850 1673 1853 =

475 1883 540 1922 sed
557 1886 675 1922 erexit
693 1910 702 1919 .
731 1882 836 1921 Nam
853 1897 936 1921 cum
951 1884 1148 1935 judicass‘et
1165 1907 1179 1931 ,
1205 1883 1279 1922 fine
1296 1882 1438 1920 summa
1456 1881 1637 1919 industria

476 1952 552 1976 non
571 1936 673 1988 posse
689 1950 773 1975 eam
791 1935 1009 1988 exstingui,
1038 1950 1161 1975 toturn
1179 1936 1215 1975 se
1230 1937 1375 1974 dedidit
1393 1935 1604 1986 reipublicae
1628 1959 1644 1982 ,

475 1991 702 2042 diligentius
717 1993 850 2028 amicis
867 2014 880 2036 ‚
908 1989 1090 2042 famaeque
1106 1990 1272 2028 servieus
1288 2018 1297 2026 .
1327 1989 1504 2027 Multum
1524 1991 1560 2026 in
1578 1991 1639 2040 ju-

477 2044 589 2085 diciis
617 2046 779 2100 privatis
796 2043 1014 2085 versabatur
1031 2067 1043 2093 ,
1074 2043 1163 2098 saepe
1194 2047 1234 2083 in
1250 2046 1469 2085 concionem
1501 2043 1638 2093 populi

1495 2109 1585 2149 pro-

1631 2133 1640 2148 l
