1714 2719
272 132 316 170 T.
351 129 784 170 POMPONIUS
824 129 1282 175 AT'rlcus.1r7

162 214 369 267 pervenit?
399 211 551 274 Qibus
568 225 611 248 ex
632 213 746 249 malis
765 225 804 249 ut
823 212 859 248 se
891 212 1068 255 emersit..
1101 213 1196 249 nihil
1227 212 1333 247 :iliud

161 273 240 321 egit
258 281 372 320 quam
389 279 431 304 ut
451 265 629 316 plurimis
647 290 660 312 ,
691 267 828 317 quibus
849 266 956 303 rebus
974 266 1092 317 posset
1112 290 1124 311 ,
1156 266 1244 303 cu'ct
1266 279 1336 302 au-

163 324 264 361 xiiio
281 350 291 359 .

215 374 288 413 XI.
319 373 419 411 Cum
451 371 685 423 proscriptos
710 376 874 423 praemiis
905 376 1175 423 imperatorum
1196 372 1334 422 vulgus

161 431 403 481 conquireret
421 450 434 472 ‚
452 440 564 464 nemo
583 428 619 464 in
642 427 804 478 Epirum
827 430 934 464 venit
952 430 1011 464 cui
1032 440 1086 463 res
1105 426 1183 462 ulia
1203 425 1335 462 defuc-

161 488 238 522 rit:
271 484 418 518 nemini
437 495 511 518 non
546 482 596 518 ibi
616 494 798 532 perpetuo
828 481 1008 518 manendi
1041 478 1206 530 potestas
1233 478 1330 515 fac‘h

160 536 213 576 est
231 564 239 572 .
270 537 377 598 Qin
396 537 513 572 etiam
531 534 611 586 post
631 535 807 585 proelium
826 533 1090 585 Philippense,
1111 536 1335 570 interitum-

161 604 234 642 que
248 588 294 627 C.
325 588 443 625 Caslii
472 589 508 625 &
546 589 605 625 M.
627 589 732 626 Bruti
752 614 764 631 .,
784 588 830 626 L.
850 588 994 639 Julium
1014 586 1222 624 Mocillam
1242 600 1333 636 pra·-

162 646 305 682 torium
324 666 336 688 ‚
367 643 401 679 δι’
420 641 543 678 filiuni
563 645 642 694 ejus
660 668 672 687 ,
693 641 915 693 Aulumque
935 640 1206 691 Torquatum,
1232 653 1334 677 cete-

162 697 296 748 rosque
314 698 395 746 pari
430 695 583 733 fortuna
613 696 804 747 perculsos
821 721 834 741 ,
867 694 1032 733 instituit
1063 697 1187 731 tueri:
1218 707 1335 744 atque

163 765 208 789 ex
229 751 348 801 Epiro
380 750 437 786 his
469 753 597 786 onmia
630 751 933 788 Samothraciam
962 749 1176 800 supportari
1205 748 1303 798 jussit
1323 773 1333 783 .

165 804 342 842 Difficile
358 806 460 840 enim
478 802 527 840 est
547 807 674 841 omnia
708 803 911 855 persequi,
941 804 976 840 ἃ
995 817 1069 839 non
1103 801 1305 839 necclsaria
1324 828 1333 836 .

163 857 267 895 Illud
285 870 403 893 unum
423 857 592 908 intelligi
611 858 789 894 volumus
807 881 820 901 ‚
848 857 955 893 illius
973 855 1249 894 liberalitatem
1270 868 1336 891 ne-

164 925 238 962 que
256 913 528 960 temporariam
547 934 559 955 ,
591 924 713 962 neque
729 911 913 948 callidam
932 909 1042 947 fuisse
1059 936 1067 945 .
1099 907 1140 945 Id
1170 923 1214 946 cx
1248 907 1334 957 ipsis

163 965 274 1002 rebus
290 977 333 1000 ac
351 963 586 1013 temporibus
601 965 764 1015 judicari
798 963 918 1013 potest
936 987 949 1008 ‚
980 963 1080 1014 quod
1099 976 1175 999 non
1196 962 1329 999 floren-

163 1017 267 1055 tibus
286 1015 322 1054 se
338 1018 557 1054 venditavit
575 1042 587 1059 5
619 1016 679 1054 sed
697 1017 853 1054 affliffls
870 1016 1016 1067 semper
1034 1015 1214 1054 succurrit
1233 1042 1241 1050 .
1270 1016 1335 1065 qui

166 1073 320 1123 quidem
340 1072 562 1114 Serviliam,
581 1070 688 1108 Bruti
706 1084 885 1117 matrem,
903 1084 978 1108 non
996 1073 1124 1106 minus
1142 1068 1222 1121 post
1235 1081 1337 1104 mor-

165 1138 244 1162 tem
262 1126 342 1175 ejus
360 1147 372 1169 ‚
403 1138 516 1175 quam
549 1126 749 1162 florentem
781 1126 944 1162 coluerit
965 1151 973 1158 .
1005 1125 1065 1161 Sic
1097 1123 1337 1161 liberalitate

165 1191 277 1215 utens
295 1201 307 1222 ,
338 1178 466 1214 nullas
486 1180 713 1215 inimicitias
744 1179 849 1230 gestit
866 1202 879 1223 5
910 1178 1009 1229 quod
1037 1191 1159 1227 neque
1177 1174 1336 1212 laedebat

166 1243 399 1282 quemquam
419 1254 432 1274 ,
462 1244 585 1281 neque
603 1229 624 1265 sl
644 1244 757 1281 quam
791 1233 971 1281 injuriam
1001 1242 1199 1280 acceperat
1217 1253 1229 1274 ,
1260 1242 1337 1264 non

164 1284 335 1322 malebat
352 1283 532 1320 oblivisci
550 1296 666 1334 quam
697 1282 828 1321 ulcisci
849 1311 857 1319 .
887 1283 994 1321 Idem
1016 1283 1232 1321 immortali
1257 1295 1339 1318 me-

166 1341 287 1376 moria
306 1349 484 1388 percepta
518 1337 710 1375 retinebat
743 1337 926 1375 beneficia
947 1353 954 1374 :
987 1351 1065 1389 quae
1096 1350 1226 1374 autem
1257 1334 1338 1386 ipse

168 1392 356 1430 tribuerat
375 1414 386 1434 ‚
416 1392 564 1428 tamdiu
597 1394 826 1429 meminerat
845 1392 970 1442 quoad
1005 1392 1071 1428 ille
1101 1403 1231 1441 gratus
1258 1401 1338 1427 erat

169 1448 235 1498 qui
252 1456 449 1494 acceperat
468 1472 475 1479 .
508 1443 645 1496 Itaque
674 1446 735 1484 hic
753 1445 843 1483 feeit
877 1459 915 1482 ut
937 1460 1024 1482 vere
1042 1445 1186 1482 ‹ii-{ium
1207 1444 1340 1480 videa-

169 1512 257 1537 tur:
288 1497 400 1536 SUI
428 1497 714 1560 CUIQUE
746 1498 996 1537 MORES
1025 1494 1338 1535 FINGUNT

171 1551 200 1590 F
215 1553 251 1590 Ο
270 1551 310 1590 R
331 1551 365 1588 T
382 1551 422 1589 U
437 1551 477 1590 N
496 1551 533 1590 A
550 1553 598 1591 M
616 1581 624 1588 .
655 1552 794 1604 Neque
823 1564 951 1590 tamen
983 1556 1086 1604 prius
1120 1552 1188 1589 ille
1214 1550 1340 1588 fortu-

172 1620 261 1643 nam
278 1619 392 1658 quam
411 1606 446 1644 se
463 1605 542 1657 ipse
572 1606 686 1644 finxit
703 1631 716 1653 ,
746 1610 811 1658 qui
828 1610 932 1644 eavit
951 1622 997 1644 ne
1015 1621 1086 1657 qua
1120 1609 1157 1642 in
1187 1619 1224 1642 re
1255 1604 1338 1654 ple-

175 1661 339 1698 &eretur
357 1688 365 1694 .

229 1712 322 1751 XII.
342 1711 418 1749 His
436 1716 555 1764 igitur
570 1715 679 1753 rebus
695 1716 821 1753 effecit
838 1726 879 1751 ut
897 1711 1179 1765 M.Vips:.nius
1198 1710 1341 1763 Agrip-

173 1781 220 1818 pa
239 1792 252 1813 ,
282 1770 420 1804 intima
438 1767 710 1806 familiaritate
726 1767 951 1820 &municius
967 1767 1203 1805 adolescenti
1218 1764 1342 1802 Caesa-

174 1825 206 1859 ri
225 1845 238 1868 ,
267 1835 351 1859 cum
369 1834 524 1872 propter
540 1821 642 1860 suam
660 1827 823 1875 gratiam
841 1846 854 1867 ,
871 1823 907 1858 ὅ(
923 1821 1080 1859 Caesaris
1097 1823 1312 1871 potentiam
1327 1842 1340 1863 ,

177 1875 324 1913 nullius
353 1877 590 1914 conditionis
619 1892 694 1914 non
726 1877 882 1914 haberet
913 1876 1137 1926 potestatem
1156 1900 1168 1920 ,
1199 1873 1344 1924 potiffi-

176 1943 282 1966 mum
299 1931 379 1981 ejus
396 1930 576 1981 diligeret
593 1932 821 1968 affinitatem
840 1955 853 1976 ,
881 1942 1185 1981 praeoptaretque
1201 1930 1344 1980 equitis

176 1982 355 2020 Romani
387 1983 509 2020 filiam
539 1984 804 2035 generosarum
835 1987 983 2034 nuptiis
1010 2012 1016 2019 .
1050 1983 1183 2033 Atque
1211 1983 1345 2019 harum

179 2040 402 2088 nuptiarum
420 2038 649 2077 conciliator
677 2038 751 2076 fuit
771 2040 786 2088 (
806 2052 882 2075 non
903 2040 1005 2075 enim
1037 2035 1088 2074 est
1114 2036 1348 2086 celandum)

820 2088 863 2126 H
923 2103 940 2137 3
1131 2089 1192 2130 M.
1213 2089 1297 2127 An-
