1714 2719
461 180 532 216 132
613 166 986 206 CORNELII
1040 168 1354 208 NEPOTIS

523 298 979 339 CORNELII
1058 301 1502 343 NEPoTls.

697 410 1274 457 FRAGMENTA,

566 518 706 552 Incerta
735 518 870 563 partim
898 528 965 561 quo
998 515 1083 551 libro
1107 517 1217 564 polita
1234 541 1246 563 ,
1272 521 1409 566 partim

739 568 865 615 quibus
899 568 1011 604 verbis
1040 579 1201 617 concepta
1219 599 1226 605 .

458 677 591 727 Nepos
607 674 760 712 auEiore
789 685 892 711 certo
909 673 1130 724 comperisse
1159 675 1196 712 se
1211 680 1266 713 ait
1284 700 1297 721 ,
1325 678 1371 714 C.
1402 677 1563 718 Laelium

409 731 602 782 quondam
621 731 660 765 in
678 726 893 765 Puteolano
908 727 996 764 Cal.
1020 727 1178 765 Martiis
1195 729 1437 767 admonitum
1455 732 1504 769 ab
1522 748 1566 769 u—

408 797 499 820 xore
517 807 530 828 ,
560 785 771 832 temporius
786 794 827 817 ut
845 779 1098 818 discumberet
1112 804 1124 826 ‚
1154 781 1305 831 petiisse
1321 782 1367 820 ab
1384 797 1424 820 ea
1444 799 1491 822 ne
1508 788 1570 821 in-

407 836 700 887 terpellaretur:
731 833 846 872 serius
877 835 1031 871 tandem
1048 834 1252 885 ingressum
1279 837 1490 874 triclinium
1510 840 1570 875 di-

408 888 503 927 xisse
519 913 533 935 9
562 903 638 926 non
657 887 747 938 saepe
764 890 802 924 in
819 887 1016 925 scribendo
1032 891 1153 939 magis
1170 888 1370 927 successisse
1386 891 1451 928 sibi
1471 907 1478 928 τ
1505 893 1572 929 de-
1601 927 1605 930 .

408 944 497 981 inde
514 954 687 994 rogatum
717 953 758 979 ut
788 939 927 992 scripta
960 942 1028 977 illa
1060 940 1245 990 proferret
1265 967 1278 989 ,
1307 945 1571 993 pronuntiasse

409 995 538 1035 versus
556 998 620 1046 qui
638 994 722 1032 sunt
740 997 779 1032 in
801 992 1273 1033 Heautontimorumeno:

485 1052 590 1086 Satis
602 1048 663 1097 pol
672 1058 829 1094 proterve
843 1061 893 1083 me
909 1050 990 1093 Syri
1000 1048 1165 1096 promiff‘a
1180 1049 1245 1084 huc
1261 1049 1477 1085 induxerunt
1492 1052 1567 1092 &a

407 1110 575 1141 Donatus
601 1104 640 1135 in
655 1103 744 1137 Vita
758 1103 922 1136 Terentii
939 1128 947 1135 .

464 1155 511 1192 L.
529 1153 724 1191 Otacilius
750 1153 893 1190 Pilitus
923 1155 1069 1203 primus
1099 1153 1270 1190 omnium
1302 1154 1572 1194 libertinorum

409 1208 572 1247 scribere
591 1205 787 1244 historiam
805 1206 908 1244 orsus
925 1231 938 1253 ,
968 1222 1043 1244 non
1061 1206 1128 1243 nisi
1146 1207 1192 1243 ab
1210 1207 1462 1246 honestiffimo
1478 1224 1574 1260 quo-

409 1276 484 1313 que
514 1260 626 1299 scribi
658 1259 813 1298 solitam
830 1288 837 1294 .
870 1284 900 1306 „
930 1260 1030 1297 Cnei
1062 1263 1165 1296 enim
1194 1259 1367 1311 Pompeii
1398 1262 1538 1314 Magni
1558 1289 1571 1311 ,

410 1337 444 1362 9³
474 1329 587 1366 quem
603 1314 732 1351 docuit
751 1337 764 1360 ‚
793 1312 988 1364 patrisque
1007 1315 1086 1364 ejus
1103 1328 1160 1351 res
1177 1313 1295 1365 gestas
1312 1316 1573 1365 compluribus

410 1392 443 1415 3,
472 1368 582 1405 libris
615 1365 789 1418 exposuit
806 1390 837 1412 „
856 1395 864 1403 .
893 1370 1088 1403 suetonius
1116 1365 1158 1403 de
1185 1365 1285 1403 clar.
1314 1366 1456 1414 Rhetor.
1496 1380 1573 1419 cap,

414 1436 429 1459 1
442 1436 455 1458 1
469 1435 499 1458 1.

463 1474 671 1512 Cornelius
687 1487 837 1525 quoque
851 1472 984 1525 Nepos
1002 1474 1040 1509 in
1059 1472 1195 1511 libello
1211 1488 1286 1525 quo
1302 1474 1501 1527 distinguit
1526 1478 1577 1514 li·-

412 1541 580 1567 tei-atum
595 1528 643 1565 ab
662 1528 834 1573 erudito,
860 1527 1035 1564 literatos
1055 1529 1209 1578 quidem
1241 1529 1358 1580 vulgo
1386 1531 1575 1582 appellari

410 1586 468 1620 ait
485 1596 548 1620 eos
574 1584 639 1632 qui
669 1581 820 1632 aliquid
833 1580 1042 1632 diligenter
1059 1604 1072 1626 ,
1101 1582 1137 1618 ὃ(
1167 1594 1307 1627 acute,
1337 1582 1576 1636 scienterque

413 1636 553 1687 poffint
585 1646 651 1672 aut
668 1635 793 1672 dicere
811 1658 824 1680 ,
851 1646 919 1671 aut
950 1633 1108 1672 scribere
1126 1650 1133 1671 z
1162 1647 1328 1674 ceterum
1358 1641 1511 1688 proprie
1526 1639 1575 1677 fic

411 1689 667 1740 appellandos
683 1693 882 1738 poetarum
901 1691 1144 1738 interpretes,
1166 1692 1231 1740 qui
1247 1704 1266 1726 a
1283 1689 1428 1728 Graecis
1445 1698 1575 1728 Gram-

408 1744 537 1780 matici
552 1744 826 1779 nominentur:
857 1740 1005 1779 eosdem
1037 1742 1215 1781 literatos
1238 1747 1429 1781 vocitatos
1447 1772 1455 1781 .
1485 1751 1575 1782 Sue-

409 1798 532 1833 tonius
548 1793 589 1832 de
605 1794 739 1842 Illustr.
758 1803 914 1832 Gramm.
939 1805 1010 1843 rap.
1022 1808 1080 1832 ιν.

465 1850 537 1887 Sed
553 1860 685 1900 praeter
701 1848 878 1898 Physicos
908 1847 1199 1901 Homerumque
1217 1875 1230 1896 ,
1258 1854 1324 1901 qui
1350 1851 1570 1889 universum

410 1906 509 1944 mari
526 1901 796 1941 circumfusum
816 1901 887 1940 effe
903 1902 1083 1940 dixerunt
1101 1928 1114 1950 ‚
1130 1903 1336 1942 Cornelius
1353 1904 1487 1957 Nepos
1499 1929 1512 1952 9
1530 1917 1571 1944 ut

411 1959 601 1995 recentior
616 1955 846 1994 auStoritate
861 1981 874 2002 ‚
891 1956 938 1994 slc
954 1961 1092 1995 certior
1104 1981 1117 2003 ,
1134 1958 1252 1995 tradit
1272 1958 1426 2004 3testem
1443 1971 1573 1997 autem

409 2014 465 2049 rei
484 2009 766 2070 QMetellum
781 2009 958 2048 Celerem
975 2012 1108 2062 adjicit
1126 2035 1139 2057 ,
1168 2026 1328 2063 eumque
1345 2016 1398 2050 ita
1415 2011 1571 2050 retulis-

409 2064 446 2103 se
462 2075 735 2104 commemorat
753 2079 760 2103 :
790 2063 893 2103 Cum
907 2063 1056 2106 Galliis
1072 2065 1273 2119 proconsul
1293 2066 1488 2157 praeeffetd‚
1503 2064 1571 2102 In-

1480 2132 1519 2157 os
